2153 3467
85 913 306 944 praeceptorum

84 951 296 982 interpretatio.

122 2009 255 2034 Oratoris

91 2045 304 2076 interpretatio.

336 193 422 235 406
513 205 626 239 Ratio
653 205 855 241 studiorum
882 212 921 241 et
948 207 1201 245 institutiones
1230 210 1471 246 scholasticae
1497 213 1697 251 Societatis
1723 216 1813 252 Jesu
1838 218 1875 253 11

335 336 453 363 anno
473 324 780 368 continuanda
799 331 923 369 65561.
975 330 1143 384 Ingens
1164 330 1285 372 6111111
1318 336 1385 373 651
1417 333 1489 375 vis
1523 335 1826 377 oratoriorum
1858 351 2064 395 praecep-

336 397 497 434 torum.
560 394 707 450 Hujus
740 403 889 439 tamen
921 399 1039 454 loco,
1078 401 1156 443 ubi
1195 417 1291 443 mos
1332 403 1468 457 ferat,
1509 404 1761 447 inclinante
1793 406 1890 462 jam
1932 423 2064 463 anno,

335 463 524 519 alicujus
569 467 762 509 auctoris
799 484 918 524 usus,
965 471 1041 526 qui
1085 472 1297 528 majorem
1336 475 1634 517 eruditionem
1681 481 1760 518 aut
1803 477 2064 521 varietatem

335 536 578 591 contineat,
611 553 702 581 non
732 539 1032 585 interdicitur.

475 620 641 664 Poetae
672 638 777 666 vero
810 625 962 681 aliqua
990 627 1184 682 praelec-
1366 632 1487 670 1533
1517 644 1598 671 om.

333 691 397 732 110
430 692 597 747 poterit
627 693 855 737 interdum
873 697 944 738 vel
975 712 1184 754 praecep-

334 767 484 805 torum
512 764 587 806 vel
623 766 839 808 orationis
867 768 1182 823 praelectioni-

334 833 417 874 bus
448 834 688 891 interponi.

472 915 509 960 7.
574 917 703 965 Quod
737 923 888 967 autem
920 920 976 961 ad
1015 919 1130 962 inte
1141 936 1181 962 r-
1360 924 1398 969 7.
1461 925 1590 976 Quod
1620 931 1774 968 autem
1807 927 1864 969 ad
1896 928 1949 969 in
1962 933 1981 969 t
1992 943 2014 969 6
2025 943 2064 969 1-

333 988 592 1042 pretandi
621 989 765 1031 ratio
778 1005 898 1032 nem
916 991 1093 1045 attinet,
1115 992 1179 1034 sic
1217 1009 1245 1049 p
1260 995 1483 1037 retandi
1543 996 1821 1039 rationem
1883 998 2063 1053 attinet,

331 1059 612 1114 explicentur
672 1066 930 1118 praecepta:
994 1064 1030 1104 P
1041 1078 1062 1104 r
1072 1063 1087 1104 i
1097 1079 1141 1105 111
1152 1079 1177 1105 0
1215 1065 1279 1106 516
1318 1067 1601 1122 explicentur
1646 1074 1905 1125 praecepta:
1950 1072 1985 1111 P
1997 1071 2060 1112 ri-

330 1131 555 1186 praecepti
593 1146 746 1173 sensus
783 1134 1071 1189 aperiendUS,
1110 1135 1178 1176 in·
1214 1151 1257 1178 m
1270 1152 1295 1179 0
1334 1139 1559 1194 praecepti
1597 1154 1752 1181 sensus
1782 1141 2062 1196 aperiendus,

332 1205 577 1257 terpretum
619 1203 797 1245 collatis
843 1205 1099 1259 sententiis,
1139 1207 1177 1248 si
1216 1207 1255 1249 51
1287 1208 1516 1251 obscurior
1547 1210 1619 1252 sit.
1654 1236 1707 1240 —

331 1272 563 1315 obscurior
593 1273 669 1328 sit,
707 1289 790 1317 1166
820 1277 938 1319 111161
970 1291 1044 1319 605
1075 1292 1177 1320 6011-

329 1343 494 1385 veniat.
531 1369 582 1375 —
1195 1349 1199 1407 Ι

474 1427 647 1469 Secun
662 1429 727 1471 do
750 1430 829 1471 alii
853 1431 1086 1486 Rhetores,
1107 1431 1182 1488 qui
1199 1431 1317 1473 idem
1339 1432 1634 1489 praecipiant,
1665 1434 1737 1475 vel
1754 1433 1873 1476 idem
1892 1440 2060 1489 auctor,

329 1498 365 1539 si
399 1498 510 1540 alibi
532 1498 651 1541 idem
673 1501 907 1559 praecipit,
931 1503 1196 1545 afferendus.
1231 1530 1284 1533 —
1318 1502 1501 1544 Tertio
1533 1503 1675 1560 ipsius
1696 1505 1923 1561 praecepti
1942 1505 2058 1547 16110

328 1569 481 1625 aliqua
513 1571 825 1627 excogitanda.
862 1600 914 1605 —
948 1573 1161 1624 Quarto
1193 1578 1422 1616 oratorum
1445 1589 1496 1616 66
1516 1579 1751 1631 poetarum
1773 1576 1862 1618 loci
1884 1575 2059 1632 aliquot

328 1640 507 1696 similes,
540 1642 736 1685 maxime
766 1644 973 1700 illustres,
1006 1645 1056 1687 in
1088 1647 1251 1702 quibus
1282 1660 1333 1688 60
1372 1650 1611 1702 praecepto
1651 1646 1720 1688 usi
1753 1647 1882 1702 sint,¹
1921 1647 2059 1689 addu-

328 1711 472 1753 cendi.
513 1739 561 1743 —
595 1713 812 1769 Quinto,
845 1716 882 1758 si
913 1717 1023 1772 quid
1055 1731 1109 1759 ex
1142 1717 1270 1759 varia
1300 1715 1552 1758 eruditione
1584 1721 1630 1758 et
1661 1717 1849 1760 historia
1880 1718 1936 1760 ad
1966 1733 2059 1761 rem

328 1783 454 1837 facit,
488 1784 758 1829 addendum.
796 1811 842 1818 -α
882 1788 969 1830 Ad
1001 1793 1321 1841 extremum,
1355 1787 1580 1844 quomodo
1613 1788 1669 1830 ad
1700 1803 1769 1830 res
1790 1793 1969 1831 nostras
1989 1805 2059 1832 66-

328 1856 605 1898 60111111011611
635 1859 790 1914 possit,
823 1858 1139 1914 indicandum,
1179 1859 1318 1916 idque
1350 1863 1522 1916 quanto
1554 1859 1753 1902 maximo
1784 1860 1881 1902 fieri
1912 1865 2061 1918 potest

326 1926 501 1969 delectu
531 1932 781 1985 ornatuque
811 1931 1065 1974 verborum.

471 2011 515 2056 8.
580 2011 630 2054 Si
662 2027 769 2054 vero
803 2014 1050 2071 explicetur
1082 2014 1227 2056 oratio
1258 2014 1331 2057 vel
1362 2019 1541 2071 poema,
1574 2013 1754 2070 primo
1794 2015 2060 2071 exponenda

326 2083 564 2137 sententia,
597 2083 634 2125 si
665 2083 853 2127 obscura
885 2085 957 2139 sit,
989 2090 1033 2127 et
1054 2085 1207 2128 variae
1228 2084 1621 2142 interpretationes
1642 2083 1968 2140 dijudicandae.
2004 2111 2055 2117 —-

327 2153 578 2196 Secundo
610 2159 707 2197 tota
739 2156 920 2199 artificii
951 2157 1085 2199 ratio:
1127 2157 1404 2199 inventionis
1436 2171 1510 2210 sc.,
1551 2155 1861 2212 dispositionis
1893 2161 1937 2198 et
1970 2157 2059 2199 610-

327 2225 522 2267 cutionis
554 2226 842 2283 exploranda,
877 2243 1012 2284 quam
1045 2233 1150 2286 apte
1181 2243 1227 2270 56
1259 2232 1408 2271 016101
1429 2227 1642 2281 insinuet,
1677 2241 1812 2282 quam
1850 2228 2058 2284 apposite

327 2294 461 2351 dicat,
494 2297 566 2338 vel
589 2298 750 2354 quibus
782 2313 835 2340 ex
867 2299 978 2341 locis
1010 2304 1277 2355 argumenta
1309 2303 1458 2341 sumat
1491 2299 1546 2340 ad
1585 2298 1967 2354 persuadendum,
2000 2299 2057 2341 ad

326 2368 592 2423 ornandum,
632 2369 688 2411 ad
721 2370 1015 2425 movendum3
1056 2385 1190 2427 quam
1231 2371 1378 2413 multa
1416 2384 1545 2426 saepe
1585 2373 1822 2426 praecepta
1859 2384 1949 2412 uno
1987 2385 2056 2412 eo-

325 2437 514 2494 demque
550 2440 648 2481 1000
681 2441 965 2497 permisceat3
1011 2456 1099 2498 quo
1131 2447 1264 2499 pacto
1295 2442 1517 2484 rationem
1548 2440 1605 2483 ad
1636 2440 1889 2483 faciendam
1919 2441 2053 2483 fidem

324 2507 482 2562 figuris
508 2511 834 2555 sententiarum
856 2512 1062 2555 includat
1083 2527 1348 2569 rursursque
1364 2511 1534 2568 figuras
1551 2512 1875 2554 sententiarum
1897 2513 2056 2568 figuris

323 2579 560 2622 verborum
581 2581 767 2626 intexat.
803 2609 855 2613 -
894 2584 1077 2626 Tertio
1110 2584 1196 2626 loci
1229 2583 1403 2640 aliquot
1433 2588 1531 2625 tum
1562 2598 1609 2625 re
1641 2587 1739 2625 tum
1760 2583 1910 2625 verbis
1932 2584 2053 2626 simi-

324 2649 388 2690 les
421 2650 651 2707 afferendi,
685 2653 851 2710 aliique
884 2660 1083 2698 oratores

324 2732 397 2773 vel
429 2737 603 2789 poetae,
636 2736 714 2791 qui
746 2737 900 2780 eodem
931 2743 1167 2796 praecepto
1207 2743 1251 2780 et
1282 2742 1440 2794 poetae
1471 2735 1763 2794 producendi,
1799 2736 1934 2779 etiam
1956 2753 2055 2780 ver-

324 2803 381 2845 ad
412 2804 583 2861 aliquid
624 2806 768 2851 simile
811 2809 1169 2866 persuadendum
1206 2808 1379 2862 naculi,
1413 2807 1491 2864 qui
1529 2807 1686 2849 eodem
1727 2812 1961 2864 praecepto
1994 2808 2051 2850 ad

323 2875 396 2917 vel
437 2877 713 2920 narrandum
752 2880 821 2922 usi
859 2882 970 2935 sint,
1007 2880 1169 2938 produ·
1206 2878 1378 2935 aliquid
1410 2878 1556 2920 simile
1587 2877 1944 2934 persuadendum
1975 2879 2050 2921 vel

323 2946 464 2988 cendi.
1205 2950 1479 2993 narrandum
1510 2948 1581 2991 usi
1612 2952 1729 2990 sunt.

322 3016 530 3066 Quarto
562 3034 631 3061 res
662 3021 785 3076 ipsae
818 3023 1068 3079 sapientum
1101 3021 1350 3075 sententiis,
1383 3020 1421 3062 si
1451 3034 1520 3062 res
1540 3019 1668 3074 ferat,
1701 3020 2047 3063 confirmandae.

468 3127 478 3148 ¹
515 3128 603 3161 1832
632 3132 772 3169 ,‚sunt‘·.
