2143 3462
368 188 452 231 226
558 194 669 232 Ratio
697 188 900 233 studiorum
927 200 965 233 et
988 188 1245 232 institutiones
1272 187 1513 232 scholasticae
1538 187 1734 232 Societatis
1761 193 1849 232 Jesu
1874 188 1912 232 ῙῘ

361 318 552 359 3611611113.
616 316 825 359 Dieselbe
864 316 978 371 liegt
1018 316 1103 358 den
1136 315 1297 358 beiden
1328 316 1500 371 Prager
1531 315 1781 371 Ausgaben
1821 315 1898 357 des
1929 316 2066 358 Insti-

362 393 512 430 tutum
555 388 599 430 S.
634 388 678 430 J.
715 403 771 430 zu
808 387 1007 443 ι(1111111116,
1057 387 1155 429 ihre
1202 386 1413 442 wenigen
1457 387 1647 428 Zus'atze
1694 386 1796 428 sind
1842 401 1933 429 von
1982 400 2067 428 uns

359 458 595 500 kenntlich
644 459 857 514 gemacht
902 458 1045 500 durch
1087 473 1170 514 „in
1212 458 1325 499 om.“
1376 457 1530 511 (editio
1573 457 1850 513 Moguntina
1896 457 2066 514 omisit)

362 530 466 571 01161·
500 529 641 572 durch
677 545 769 587 „pin
803 529 973 571 addit&
1028 528 1287 585 (Pragensis
1320 528 1480 584 addit.)

504 614 619 655 Eine
650 611 894 654 besondere
915 611 1130 667 Ausgabe
1164 612 1243 653 der
1275 612 1808 668 Gymnasialregeln
1839 611 1918 655 ist:
1957 612 2069 668 „Re-

362 685 495 739 gvlae
535 683 788 725 studiorvm
820 682 1087 724 inferiorvm
1121 683 1165 724 S.
1188 683 1260 725 J.“
1325 683 1514 738 Insvlis,
1559 698 1613 724 ex
1647 683 1827 725 officina
1859 683 1984 725 Petri
2015 683 2068 725 de

363 756 529 810 Rache,
564 755 646 797 3111)
680 753 844 810 Biblijs
876 753 1037 808 aureis,
1070 754 1207 796 Anno
1243 756 1370 808 1628,
1405 757 1467 798 8⁰.
1502 770 1577 811 pp.
1601 758 1668 798 17.

510 839 640 893 „Rau
693 841 828 892 atque
872 836 984 877 Inst.
1035 836 1100 878 St.
1137 837 1181 878 S.
1214 837 1257 879 J.
1299 836 1588 879 Auctoritate
1630 837 1861 894 Septimae
1902 837 2067 892 Congr.

364 909 586 965 generalis
629 913 773 950 aucta.
837 907 1118 963 Antverpiae
1165 907 1288 964 apud
1332 908 1466 950 Joan.
1501 908 1794 963 Meursium“,
1838 910 1963 963 1635,
2005 909 2068 961 8⁰,

366 981 456 1023 Ein
489 979 706 1022 Abdruck
738 979 816 1020 der
846 983 958 1020 rom.
983 977 1125 1034 Ausg.
1160 992 1252 1021 von
1287 982 1414 1024 1616.

508 1064 603 1117 [Dr.
636 1062 871 1104 Herenaus
912 1060 1063 1117 Heyd]
1114 1061 1233 1118 „Der
1278 1062 1482 1104 Societat
1526 1062 1637 1105 ‚Jesu
1677 1062 1818 1105 Lehr-
1856 1061 1951 1104 und
1991 1062 2072 1105 Er-

366 1134 715 1190 ziehungsplan,
761 1137 862 1175 treu
903 1132 1168 1188 dargestellt
1213 1133 1309 1175 und
1348 1134 1433 1175 mit
1465 1133 1817 1189 Bemerkungen
1853 1133 2072 1189 begleitet

368 1221 457 1248 von
499 1206 600 1247 (16111
632 1203 868 1248 Verfasser
906 1203 984 1245 (161·
1022 1204 1453 1260 ,Grundprincipien
1493 1205 1616 1247 eines
1658 1205 1828 1247 Schul'-
1866 1205 1960 1247 und
1992 1205 2072 1247 Er-

366 1276 801 1332 zielmngsplanes’.“
866 1274 1126 1329 Landshut,
1168 1276 1247 1316 Dr.
1279 1291 1322 1316 11.
1344 1276 1465 1318 Verl.
1499 1291 1543 1319 v.
1576 1277 1671 1319 JOS.
1706 1276 1967 1330 Tliomann,
2007 1280 2069 1320 8⁰.

368 1352 393 1393 2
407 1349 493 1390 Bb.
538 1349 574 1390 I.
592 1347 679 1389 Die
698 1346 1172 1403 Gymnasialschulen,
1196 1350 1330 1400 183&
1355 1347 1416 1389 II.
1439 1347 1526 1389 Die
1543 1347 1922 1403 Lycealschulen,
1943 1349 2070 1392 1835.

1133 1527 1225 1568 Nr.
1259 1525 1318 1567 11.

622 1647 655 1696 Ι.
696 1646 1102 1695 Rundschreiben
1143 1645 1223 1694 bei
1260 1645 1418 1695 Erlass
1460 1646 1547 1695 der
1584 1645 1725 1695 Ratio
1766 1650 1824 1695 st.

950 1746 1063 1779 voni
1103 1732 1148 1777 8.
1180 1729 1285 1778 Jan.
1332 1732 1483 1778 1599.

511 1848 736 1890 Universa
783 1846 1037 1889 studiorum
1083 1850 1345 1889 nostrorum
1391 1846 1528 1902 ratio,
1576 1851 1680 1888 ante
1729 1845 2069 1902 quatuordecim

368 1934 510 1961 annos
541 1919 637 1960 fieri
670 1924 804 1974 atque
837 1918 1017 1960 institui
1049 1923 1220 1975 coepta,
1254 1933 1374 1960 nunc
1406 1918 1591 1960 tandem
1624 1918 1832 1960 absoluta
1864 1932 1914 1959 ac
1934 1917 2068 1974 plane

367 1991 629 2046 constituta,
664 1991 720 2033 ad
753 1990 1022 2033 Provincias
1053 1990 1266 2032 mittitur.

507 2073 609 2116 Etsi
641 2074 762 2115 enim
792 2078 977 2130 propter
1007 2088 1223 2129 magnam
1254 2073 1529 2128 utilitatem,
1562 2088 1675 2129 quae
1706 2072 1869 2115 studiis
1901 2071 2068 2114 nostris

368 2145 564 2186 allatura
595 2145 851 2199 videbatur,
885 2160 984 2186 eam
1016 2145 1162 2186 multo
1194 2148 1299 2186 ante
1319 2144 1473 2202 perfici
1506 2149 1640 2200 atque
1669 2144 1719 2186 in
1745 2158 1891 2185 mores
1911 2142 2068 2185 induci

366 2216 422 2257 R.
444 2217 495 2257 P.
518 2217 573 2258 N.
601 2216 838 2258 Generalis
873 2220 1130 2273 optaverat,
1169 2215 1215 2258 id
1257 2220 1411 2258 tamen
1442 2215 1672 2272 hucusque
1705 2214 1937 2257 commode
1968 2213 2067 2255 fieri

366 2287 552 2328 minime
584 2287 748 2344 potuit.
810 2287 973 2329 Decuit
1015 2287 1137 2328 enim
1175 2287 1224 2328 in
1262 2302 1308 2328 re
1348 2287 1458 2328 satis
1500 2287 1644 2329 ardua
1674 2286 1917 2342 multisque
1950 2284 2067 2327 diffi-

366 2358 612 2399 cultatibus
644 2359 877 2415 implicata
908 2358 1024 2399 nihil
1051 2358 1183 2415 plane
1206 2358 1406 2412 definiri,
1439 2357 1702 2415 priusquam
1722 2357 2065 2400 Provinciarum

368 2428 662 2471 difficultates
701 2445 752 2471 ac
792 2430 1024 2486 postulata
1055 2430 1298 2485 diligenter
1329 2429 1708 2484 examinarentur,
1753 2434 1805 2470 ut
1842 2428 2065 2483 omnibus,

367 2506 588 2554 quantum
620 2501 714 2542 fieri
747 2506 916 2557 posset,
964 2501 1221 2556 satisfieret,
1271 2506 1316 2542 et
1347 2506 1398 2542 ut
1430 2515 1561 2557 opuS,
1610 2500 1730 2556 quod
1762 2500 1819 2542 ab
1854 2499 2064 2542 omnibus

365 2570 577 2627 deinceps
608 2573 656 2613 in
688 2587 820 2614 11311111
854 2572 1059 2614 adhiberi
1094 2573 1305 2627 debebat,
1347 2571 1634 2627 aequioribus
1667 2571 1869 2613 omnium
1901 2570 2065 2613 animis

365 2641 648 2697 reciperetur.

508 2728 676 2780 Quare,
725 2727 946 2783 quidquid
986 2728 1119 2769 initio
1159 2742 1185 2769 a
1217 2742 1292 2769 sex
1332 2726 1560 2783 deputatis
1591 2726 1808 2770 Patribus
1847 2726 1901 2768 de
1939 2724 2063 2767 omni

364 2796 619 2837 studiorum
651 2803 909 2839 nostrorum
941 2799 1116 2840 ratione
1156 2812 1322 2853 magno
1362 2797 1514 2839 labore
1552 2802 1688 2854 atque
1720 2797 1946 2840 industria
1977 2796 2064 2838 dis-

363 2871 571 2923 putatum
621 2872 756 2922 atque
802 2870 1102 2911 constitutum
1149 2869 1317 2924 suc-arat,
1365 2883 1415 2909 eo
1464 2869 1652 2910 consilio
1701 2869 1756 2910 ad
1796 2868 2062 2911 Provincias

366 2939 551 2980 missum
589 2938 697 2993 fuit,
746 2944 797 2980 ut
837 2940 1045 2982 doctores
1084 2941 1227 2982 nostri
1266 2944 1310 2980 et
1349 2939 1509 2981 harum
1549 2954 1699 2981 rerum
1734 2939 1869 2996 periti
1900 2942 2061 2981 cuncta

365 3009 609 3064 diligenter
648 3014 692 3050 et
724 3016 878 3052 exacte
917 3012 1267 3067 perpenderent:
1314 3015 1384 3066 ut,
1432 3011 1469 3051 si
1515 3011 1625 3067 quid.
1671 3011 1719 3053 in
1762 3010 1847 3052 hac
1885 3010 2060 3052 ratione

363 3081 513 3122 minus
561 3081 844 3123 commodum
894 3082 1207 3136 observarent,
1262 3082 1333 3124 vel
1388 3082 1508 3138 quod
1556 3081 1734 3124 institui
1783 3081 2060 3123 commodius
