2089 3381
319 155 361 191 R.
389 158 433 191 st.
462 155 562 191 1586.
602 153 820 201 Opinionum
846 152 1009 191 delectus
1036 155 1072 191 in
1099 152 1224 191 Theol.
1254 152 1581 192 commentariolus
1743 144 1798 189 35

247 277 361 318 Cum
393 276 476 317 hae
498 276 824 332 propositiones
845 276 1093 317 Doctorum
1115 273 1349 327 sententiis
1374 274 1506 315 valde
1530 283 1793 331 congruant,
1818 295 1923 325 uagum
1947 296 1972 319 τ.

107 350 151 388 et
191 347 283 388 sint
327 347 458 389 modo
500 352 702 403 receptae
744 345 1038 398 communius,
1081 346 1186 387 licet
1224 345 1271 386 in
1304 360 1457 387 earum
1488 348 1720 389 nonnullis
1752 349 1805 390 de

106 418 150 459 S.
174 417 371 460 Thomas
404 423 552 460 mente
585 418 785 460 dubitari
818 417 973 470 soleat,
1008 431 1096 472 quo
1130 417 1275 458 maior
1307 422 1458 458 tamen
1489 418 1549 458 sit
1580 424 1623 459 et
1646 419 1804 461 harum

104 488 356 530 authoritas
390 495 433 531 et
465 490 734 531 Nostrorum
767 488 1015 541 consensio,
1049 502 1152 528 cum
1184 487 1431 528 secundum
1464 503 1537 529 eas
1571 488 1614 530 S.
1637 489 1806 531 Doctor

104 574 195 600 non
228 559 510 601 incommode
544 559 687 615 possit
707 558 886 614 exponi,
910 558 955 600 id
978 559 1134 600 Nostri
1154 564 1379 615 praestare
1402 564 1635 613 conentur,
1657 561 1805 615 quoad

103 629 197 671 eius
230 629 326 671 fieri
359 630 539 686 poterit.

245 702 301 742 In
332 701 399 756 ijs,
441 702 490 742 in
531 701 694 756 quibus
733 701 885 756 aliqua
928 700 1116 741 libertas
1155 715 1362 742 concessa
1399 700 1505 755 fuit,
1544 701 1699 743 nullus
1737 703 1803 744 ita
1824 721 1931 751 Regum
1953 724 1977 747 η.

102 778 277 829 partem
294 788 432 814 vnam
464 772 689 827 defendat,
722 778 774 814 ut
806 772 1008 825 alteram,
1039 772 1280 828 plusquam
1311 787 1393 829 par
1425 777 1554 826 esset,
1579 772 1798 829 exagitet:

103 844 265 900 prioris
286 844 422 885 etiam
443 843 718 900 professoriS,
743 844 780 884 si
802 843 1076 885 contrarium
1099 843 1328 897 docuerat,
1349 844 1679 886 existimationi
1701 859 1804 887 con-

101 915 220 956 sulat
259 915 582 970 vnusquisque3
623 920 668 956 et
700 929 801 956 cum
833 913 1064 956 commode
1096 914 1329 956 conciliari
1362 920 1550 971 possunt
1583 915 1801 969 doctores,

105 986 150 1027 id
183 1000 288 1028 Vero
320 1001 413 1027 non
444 986 721 1041 negligatur.

242 1057 296 1098 In
329 1057 515 1098 caeteris
547 1057 613 1098 ita
644 1057 787 1099 nostri
820 1057 863 1099 S.
887 1056 1085 1098 Thomae
1117 1055 1473 1112 adstringantur,
1505 1062 1556 1100 vt
1590 1072 1683 1099 non
1713 1058 1801 1099 nisi
1823 1076 1932 1107 Regula
1952 1077 1978 1102 ει,

102 1127 159 1169 ad
200 1128 293 1169 eius
332 1128 639 1170 conclusiones
680 1133 914 1184 cogantur,
955 1142 1038 1169 nec
1079 1127 1136 1168 ad
1168 1142 1249 1182 res,
1283 1143 1397 1183 quae
1428 1143 1521 1171 non
1553 1134 1648 1171 tam
1679 1130 1804 1171 theo-

98 1199 286 1255 logicae,
322 1214 456 1254 quam
487 1199 823 1256 philosophicae
854 1203 972 1252 sunt,
1006 1198 1059 1240 de
1092 1199 1255 1254 quibus
1288 1214 1338 1241 ea
1369 1200 1570 1256 libertas,
1594 1201 1667 1244 vel
1690 1201 1802 1243 obli-

101 1270 225 1326 gatio
257 1269 329 1323 sit,
365 1285 477 1325 quae
508 1271 557 1311 in
588 1270 883 1327 Philosophia
916 1274 1156 1312 statuetur.

239 1341 295 1383 In
326 1341 394 1397 ijs,
427 1356 541 1397 quae
587 1346 693 1383 sunt
730 1341 873 1395 Fidei,
915 1356 1008 1383 non
1040 1341 1171 1383 facile
1201 1342 1359 1385 Nostri
1390 1343 1465 1386 vel
1499 1348 1798 1400 congruentes
1821 1362 1929 1393 Regula
1952 1364 1994 1387 w.

98 1413 348 1455 Doctorum
379 1412 577 1454 rationes
607 1411 831 1467 refellant,
865 1413 939 1455 vel
970 1427 1113 1454 nouas
1152 1413 1424 1469 excogitent,
1465 1415 1553 1456 nisi
1590 1430 1643 1456 ex
1684 1430 1799 1457 rece-

99 1483 192 1539 ptis
223 1483 315 1525 iam
346 1483 591 1539 solidisque
623 1483 871 1540 principijs.

242 1554 364 1604 Quae
383 1569 407 1595 a
426 1554 654 1596 SsPhoma
678 1568 769 1596 non
795 1558 1063 1609 tractantur,
1082 1569 1226 1610 neque
1250 1555 1324 1597 hic
1342 1555 1578 1612 designata
1598 1562 1717 1613 sunt,
1736 1558 1800 1599 ita
1822 1577 1929 1608 Regula
1953 1578 1993 1601 ιι.

99 1625 254 1668 Nostri
285 1624 534 1681 disputent,
564 1630 617 1667 ut
649 1626 862 1682 probatos
894 1627 1088 1668 maxime
1110 1632 1358 1682 sequantur
1379 1629 1602 1682 authoreS,
1626 1644 1681 1670 ex
1703 1630 1800 1685 qui-

99 1695 182 1737 bus
223 1695 427 1748 doceant,
470 1710 583 1750 quae
621 1700 665 1737 et
692 1696 782 1752 „ipro
830 1696 1030 1738 locorum
1070 1703 1114 1739 et
1150 1703 1408 1754 temporum
1446 1699 1621 1742 ratione
1654 1700 1798 1756 magis

99 1771 275 1822 recepta
303 1768 309 1821 Ι
337 1771 443 1808 sunt
473 1766 522 1808 in
553 1766 810 1823 Academijs
843 1772 887 1808 et
918 1768 975 1809 ad
1007 1768 1265 1811 auditorum
1297 1769 1513 1826 pietatem
1545 1771 1796 1813 conferunt.
1819 1798 1847 1821 p.
1871 1792 1912 1815 ιιι.

100 1835 352 1878 Obseruent
382 1837 497 1878 idem
535 1852 711 1893 quoque
743 1838 791 1878 in
824 1838 867 1879 S.
890 1839 1086 1881 Thema-e
1118 1841 1342 1882 sententia
1375 1842 1654 1896 assequenda
1675 1842 1798 1884 colli-

98 1907 349 1963 gendaque,
382 1908 417 1948 si
451 1908 631 1963 quando
663 1909 798 1964 paulo
831 1909 1063 1951 obscurior
1085 1916 1163 1952 est.

1182 1982 1415 2025 Hactenus
1446 1982 1654 2026 formula.

861 2425 952 2468 Nr.
962 2424 977 2444 '³‘
987 2426 1033 2467 6.

664 2541 1225 2606 Commentariolus

240 2694 361 2736 Huic
409 2693 643 2748 formulae,
685 2710 773 2751 quo
814 2697 994 2753 planius
1045 2697 1345 2753 intelligatur,
1398 2699 1793 2741 commentariolus

98 2763 279 2806 videtur
323 2764 629 2807 ascribendus:
672 2781 760 2821 quo
792 2768 988 2823 primum
1020 2768 1136 2809 ratio
1167 2768 1394 2822 reddatur,
1427 2784 1507 2811 cur
1538 2784 1591 2810 ex
1624 2770 1793 2815 multis,

99 2850 212 2890 quae
260 2835 509 2891 excogitari
557 2841 784 2894 poterant,
829 2839 938 2881 haec
985 2839 1273 2895 potissimum
1317 2839 1513 2882 formula
1552 2840 1789 2896 placuerit3

99 2905 258 2948 deinde
308 2907 562 2963 praecipuis
612 2908 864 2965 quibusque
919 2909 1279 2964 difficultatibus,
1328 2925 1438 2964 quas
1482 2910 1563 2952 illa
1608 2910 1792 2951 videtur

99 2976 290 3030 afferrre,
336 2977 539 3019 satisfiat.
602 2978 753 3034 thue
797 2980 991 3036 priorem
1035 2985 1210 3037 partem
1254 2981 1585 3036 aggrediamur,
1618 2982 1789 3031 PatreS,

99 3047 261 3102 quibus
298 3048 346 3089 id
383 3048 554 3104 negotij
595 3049 793 3092 delatum
832 3050 934 3106 fuit,
967 3065 1059 3092 non
1090 3055 1254 3093 temere
1286 3067 1336 3094 ac
1368 3051 1556 3093 fortuito
1594 3052 1642 3093 in
1673 3051 1791 3092 hanc

1535 3132 1578 3167 3*
