2089 3381
643 158 687 192 R.
713 160 757 192 st.
787 158 887 191 1586.
926 156 978 190 De
1006 155 1219 198 Scripturis.
1728 144 1778 185 71

93 277 245 333 spicax
287 269 484 332 aliquid,
536 290 629 317 non
675 275 886 318 videntur
917 272 1327 329 praetermittenda,
1381 287 1482 313 oum
1526 273 1781 328 scripturae

90 347 280 390 lectione
322 361 412 389 non
453 347 756 403 disputatores
790 349 966 386 tantum
999 348 1043 385 et
1076 344 1275 395 lectores,
1324 342 1401 383 sed
1448 343 1782 383 concionatores

91 418 228 460 etiam
258 417 535 460 informandi
567 417 680 459 sint:
713 416 831 458 idem
862 415 1083 457 iudicium
1115 414 1173 456 sit
1196 414 1250 455 de
1274 414 1475 455 sensibus
1499 414 1781 469 Allegoricis.

231 491 271 533 5.
305 489 433 531 Libri
464 488 681 531 Historici
724 501 816 528 11011
861 486 1117 542 explicandi
1155 489 1262 527 sunt
1295 499 1372 540 per
1405 484 1782 539 quaestiunculas,

91 576 201 617 quas
232 561 474 616 aliquando
507 561 664 601 Patres
694 562 993 615 vsurparunt:
1029 572 1129 599 cum
1162 556 1282 598 enim
1315 556 1364 597 111
1396 555 1669 611 disputando
1708 571 1785 596 no-

91 636 233 674 strum
264 632 463 673 seculum
486 630 680 672 maxime
702 634 928 672 versatum
961 629 1032 683 sit,
1065 629 1166 685 plus
1197 627 1386 684 periculi
1418 632 1495 681 est,
1529 642 1583 667 ne
1617 626 1664 667 in
1698 626 1786 668 dis-

91 702 311 760 putando,
351 717 486 757 quam
529 716 585 743 110
622 701 671 743 111
714 704 931 743 contextu
978 699 1246 756 explicando
1284 698 1559 741 haereamus.
1638 698 1783 747 Quare

92 778 313 829 tanquam
350 772 633 815 fundamenti
670 772 769 814 loco
817 786 992 813 summa
1042 770 1203 827 capitis
1251 770 1587 827 perstringatur
1632 769 1783 823 1111110;

93 844 254 886 deinde
285 844 342 886 ad
373 844 576 900 singulas
614 843 862 885 sententias
903 857 1143 898 earumque
1183 841 1569 884 continuationem
1608 840 1786 882 descen-

90 915 237 970 datur,
284 918 328 957 et
365 914 404 956 si
445 914 554 970 quid
592 919 658 956 est
695 915 940 971 egregium,
985 914 1035 955 in
1065 913 1257 969 singulis
1301 916 1563 954 annotetur:
1605 912 1785 953 tametsi

89 1001 190 1028 cum
221 989 369 1028 totum
400 985 491 1028 fere
523 990 659 1043 caput
690 985 939 1028 dilucidum
968 989 1048 1040 est,
1096 985 1190 1027 01110
1220 984 1441 1027 habeatur
1480 983 1529 1025 in
1560 983 1688 1025 libris
1720 983 1786 1025 hi-

89 1056 344 1112 storiarum,
377 1056 472 1099 siue
502 1057 552 1099 in
583 1057 711 1099 libris
742 1057 1076 1114 prophetarum,
1110 1071 1284 1099 summa
1302 1055 1462 1113 capitis
1494 1055 1603 1097 satis
1634 1054 1784 1109 fuerit,

87 1131 140 1171 vt
169 1128 252 1171 fiat
283 1128 340 1171 ad
371 1128 626 1171 difficiliora
647 1143 921 1186 progressus.
984 1128 1186 1170 Tandem
1208 1142 1295 1184 quo
1318 1127 1577 1169 distinctius
1597 1142 1666 1168 res
1688 1131 1786 1168 tota

87 1200 306 1256 tradatur,
349 1201 568 1243 librorum
615 1200 759 1257 aliqui
794 1200 1051 1258 explicandi
1096 1203 1202 1242 sunt
1248 1198 1305 1240 ad
1351 1199 1554 1254 longum,
1601 1203 1654 1241 ut
1686 1198 1784 1266 Iob⁷

89 1272 272 1327 Psalmi,
303 1272 569 1330 Prophetae,
599 1272 902 1327 Ecclesiastes,
937 1270 1138 1325 Cantica,
1163 1269 1421 1323 Prouerbia,
1454 1269 1601 1326 prima
1633 1270 1785 1327 0011110

92 1343 329 1399 Geneseos,
362 1343 628 1400 Euangelia,
660 1343 890 1401 Epistolae
913 1343 1164 1385 Canonicae
1196 1347 1240 1385 et
1261 1341 1587 1398 Apocalypsi&
1622 1342 1785 1384 caeteri

88 1414 547 1472 librijgpercurrantur
578 1415 853 1470 summatim,
877 1414 1105 1456 annotatis
1127 1414 1237 1457 10010
1261 1414 1407 1456 solum
1428 1414 1431 1471 1
1452 1413 1781 1456 difficilioribus

91 1486 395 1542 quorumlibet
426 1486 641 1544 capitum,
680 1501 764 1529 nec
794 1486 909 1529 liber
939 1500 1029 1529 vno
1068 1500 1187 1529 anno
1226 1485 1464 1528 inchoatus
1502 1486 1551 1527 in
1592 1485 1784 1527 alterum

88 1561 343 1600 reseruetur
372 1557 609 1601 finiendus.

233 1632 273 1674 6.
305 1629 361 1672 Ι11
393 1629 570 1672 delectu
601 1630 833 1685 librorum,
866 1629 946 1685 qui
968 1628 1170 1686 quolibet
1202 1643 1321 1671 anno
1346 1628 1527 1684 legendi
1550 1628 1785 1683 011113,ὴοοο

90 1699 183 1743 fere
233 1700 450 1744 videntur
499 1701 733 1743 seruanda.
823 1700 977 1743 Primo
1036 1700 1315 1742 abstineatur
1365 1715 1390 1742 a
1442 1699 1786 1757 repetitionibus

91 1771 334 1814 earundem
363 1787 532 1815 rerum:
566 1787 702 1829 quare
735 1772 772 1814 si
805 1772 893 1815 duo
927 1772 1070 1828 aliqui
1100 1772 1207 1814 libri
1237 1786 1520 1814 communem
1540 1772 1787 1814 sortiantur

91 1842 339 1898 materiam,
372 1843 480 1886 dum
511 1859 628 1888 vnus
660 1844 916 1901 exponitur,
948 1844 1185 1898 inseratur,
1218 1843 1431 1900 quicquid
1461 1843 1628 1900 proprij
1649 1843 1787 1885 habet

91 1913 217 1969 alter,
248 1914 314 1956 ita
343 1919 396 1957 vt
427 1930 480 1958 ex
512 1921 703 1971 Vtroque
733 1920 832 1959 tota
863 1916 1071 1959 materies
1100 1916 1366 1972 integretur,
1407 1918 1452 1957 et
1482 1929 1573 1957 vno
1614 1914 1787 1972 exposi-

91 1988 139 2027 to
172 1985 364 2028 alterum
395 1986 580 2030 seorsim
616 1987 904 2045 interpretari
941 2003 1034 2030 non
1073 1987 1132 2030 sit
1168 2002 1358 2029 necesse.
1430 1986 1530 2028 Hoc
1570 1985 1703 2028 modo
1742 2000 1787 2027 se

91 2056 229 2099 habet
260 2058 665 2102 Deuteronomium
697 2060 755 2102 ad
785 2064 875 2102 tres
906 2059 1135 2116 proximos
1168 2059 1280 2101 alios
1301 2058 1441 2101 libros
1461 2057 1617 2112 Mosis3
1651 2059 1787 2100 Para-

91 2128 350 2185 lipomenon
381 2129 438 2172 ad
468 2130 609 2173 libros
641 2132 834 2187 Regum,
869 2135 914 2173 et
945 2134 1141 2187 quatuor
1163 2130 1416 2186 Euangelia
1437 2129 1560 2171 inter
1582 2145 1638 2185 se,
1674 2145 1786 2186 quae

93 2199 157 2242 010
187 2200 401 2243 videntur
430 2202 707 2258 exponenda,
740 2206 792 2246 vt
823 2218 877 2245 ex
908 2203 964 2259 ijs
994 2202 1338 2245 Monotessaron
1370 2201 1646 2244 conficiatur.
1711 2201 1787 2243 Se-

92 2271 238 2314 cundo
271 2273 452 2315 Nouum
483 2277 527 2316 et
558 2273 699 2317 Vetus
731 2274 1071 2316 Testamentum
1109 2274 1296 2316 alternis
1341 2273 1472 2315 annis
1510 2276 1784 2314 enarrentur.

91 2341 242 2385 Tertio
293 2357 387 2385 non
437 2348 533 2387 tam
583 2343 844 2401 frequenter
889 2345 1209 2388 recurrendum
1258 2344 1438 2387 videtur
1488 2344 1545 2386 ad
1595 2344 1785 2386 eundem

91 2412 260 2455 librum
291 2413 693 2472 interpretandum,
726 2416 816 2459 nisi
848 2417 1074 2474 explicata
1094 2417 1219 2473 prius
1247 2417 1415 2459 maiore
1436 2416 1641 2458 fortassis
1660 2419 1786 2472 parte

91 2483 311 2528 librorum
341 2487 695 2544 praecipuorum.
756 2489 875 2530 Nam
895 2489 981 2531 iste
1002 2503 1206 2531 recursus
1231 2488 1443 2544 frequens
1462 2487 1635 2529 nullam
1658 2486 1787 2529 affert

91 2555 361 2600 vtilitatem:
395 2573 497 2601 cum
529 2559 649 2601 enim
679 2559 787 2602 libri
819 2574 972 2604 01111100
1003 2574 1096 2602 11011
1126 2559 1301 2617 possint
1321 2559 1480 2616 ijsdem
1503 2558 1786 2600 auditoribus

92 2628 320 2684 explicari,
353 2633 528 2686 oportet
559 2645 633 2673 eos
664 2646 838 2688 semper
869 2647 1017 2675 carere
1054 2631 1309 2688 praecipuis
1349 2631 1524 2687 aliquot
1559 2630 1701 2685 libris,
1743 2634 1787 2671 et

93 2697 305 2755 fructum,
355 2715 488 2757 quem
533 2717 588 2744 ex
629 2702 902 2759 quibusdam
935 2718 1027 2745 non
1068 2702 1270 2759 capiunt,
1319 2717 1476 2759 capere
1507 2705 1696 2758 possunt
1732 2715 1786 2743 ex

30 2812 35 2818 ,
93 2769 212 2826 alijs3
246 2775 402 2813 contra
423 2787 529 2815 vero
561 2773 716 2816 crebra
735 2774 978 2817 eorundem
999 2773 1219 2815 librorum
1238 2773 1421 2815 iteratio
1450 2772 1574 2827 facit,
1605 2777 1658 2814 vt
1678 2787 1788 2829 pau-

93 2855 246 2884 corum
276 2842 496 2884 librorum
525 2843 749 2886 habeatur
779 2845 957 2899 notitia,
1006 2850 1051 2886 et
1088 2844 1138 2886 in
1175 2843 1350 2900 ijsdem>
1373 2859 1544 2901 semper
1582 2858 1787 2886 consene-

94 2925 282 2954 scamus.
346 2912 478 2963 Quod
515 2914 554 2956 si
591 2914 783 2957 subinde
821 2915 897 2971 alij
940 2920 984 2958 et
1015 2916 1090 2972 alij
1124 2917 1423 2971 variarentur,
1471 2916 1592 2957 intra
1622 2928 1786 2971 paucos

95 2997 237 3026 annos
267 2984 534 3041 praecipuae
565 2986 889 3042 scripturarum
922 2986 1212 3029 difficultates
1244 2987 1593 3044 explicarentur,
1637 2990 1681 3026 et
1711 2999 1788 3041 per

94 3053 843 3114 scriptorumgcommunicationem
874 3057 1023 3115 plures
1053 3058 1369 3116 reperirentur,
1404 3058 1483 3114 qui
1502 3057 1783 3113 Scripturam

1826 1450 1831 1456 .
1854 1432 1898 1455 77.
