2143 3462
103 899 121 921 Α
131 898 298 921 lumnnrnun

185 936 211 957 ct

78 968 298 993 Com-ictorum.

74 1324 226 1348 publicum
251 1329 297 1347 snt.

126 1823 278 1847 Exanimis

118 1863 232 1889 tempus
253 1862 279 1883 et

145 1895 245 1919 forma.

110 2535 236 2565 'I'ompns
257 2540 281 2557 vt

74 2570 167 2594 forma
183 2575 299 2595 actuum

102 2607 282 2638 philosophi-

135 2650 246 2666 corum.

323 179 407 220 282
495 186 604 221 Ratio
633 188 843 223 studiorum
871 193 908 224 et
935 189 1192 225 institutiones
1219 189 1460 224 scholasticae
1487 187 1683 223 Societatis
1709 189 1799 223 Jesu
1824 188 1863 222 II

319 306 663 348 Examinabunt
707 312 857 349 autem
905 323 1078 364 semper
1123 307 1382 350 Praefectus
1430 311 1474 348 et
1519 307 1790 362 Praeceptor
1834 306 2053 363 proprius,

320 378 485 433 quibus
526 393 550 418 a
582 378 772 420 Rectore
813 378 1003 420 addetur
1043 379 1202 420 tertius
1240 393 1294 419 ex
1332 378 1520 432 reliquis
1551 377 1781 433 magistris
1819 378 1891 420 vel
1925 378 2053 432 alius,

320 449 396 503 qui
428 452 546 490 recte
578 448 625 490 id
657 449 800 490 facere
832 465 959 505 posse
988 449 1228 505 judicetur.
1279 450 1392 491 Cum
1424 449 1494 490 his
1525 448 1670 490 tribus
1704 449 1896 490 aderunt
1929 464 2054 505 prae-

317 524 439 560 terea
470 519 628 561 saltem
663 519 750 561 duo
782 520 859 561 alii
891 520 1170 561 Professores
1202 536 1223 561 a
1261 520 1453 561 Rectore
1485 520 1596 561 item
1626 519 1842 575 eligendi,
1883 519 1961 574 qui
1988 520 2055 561 vi-

319 590 467 631 cissim
513 590 651 631 etiam
697 591 864 632 mutari
907 594 1140 647 poterunt3
1185 592 1277 644 Vel,
1322 591 1359 631 si
1398 589 1446 631 id
1483 606 1575 633 non
1606 591 1771 647 possit,
1812 590 1890 632 alii
1922 590 2053 632 valde

318 660 484 715 idonei,
518 661 594 716 qui
628 676 729 702 cum
769 662 914 703 tribus
955 662 1339 703 examinatoribus
1378 662 1647 716 suffragium
1686 661 1852 717 scripto
1892 661 2052 716 ferant,

319 733 383 774 ita
417 738 468 774 ut
500 733 591 773 sint
624 732 861 773 minimum
889 732 1088 787 quinque
1110 737 1278 775 secreta
1309 732 1544 787 suffragia3
1579 739 1624 774 et
1646 733 1703 774 ab
1726 732 1935 774 omnibus
1960 748 2053 774 rem

319 803 504 845 omnino
537 808 754 844 secretam
788 803 957 844 servari
990 808 1180 859 oportet.

465 896 536 943 21.
599 897 820 938 Alumnos
852 912 928 938 seu
946 898 1236 940 Convictores
1264 899 1373 939 satis
1403 902 1469 940 est
1485 898 1731 940 examinari
1766 915 1791 941 a
1823 914 1902 941 suo
1922 901 2055 941 Prae-

319 970 436 1010 fecto
470 974 514 1010 et
546 969 721 1009 duobus
753 968 1071 1025 Philosophiae
1111 969 1428 1025 repetitoribus
1470 975 1568 1024 aut,
1611 970 1648 1011 si
1685 970 1718 1011 ii
1757 970 1996 1025 defuerint,
2029 986 2054 1012 a

319 1039 594 1081 doctioribus
628 1040 802 1081 duobus
833 1039 1108 1095 Theologiae
1140 1040 1423 1082 auditoribus
1463 1056 1517 1082 ex
1557 1041 1723 1083 nostris
1762 1057 1787 1083 a
1818 1041 2053 1084 Praefecto

318 1111 517 1165 generali
549 1111 845 1165 assignandis
902 1111 1071 1153 Verum
1103 1112 1180 1167 qui
1213 1112 1269 1154 ab
1299 1111 1369 1153 his
1395 1112 1588 1168 judicati
1620 1116 1751 1154 erunt
1781 1112 1932 1154 idonei
1962 1128 2055 1154 non

317 1182 440 1237 prius
472 1181 529 1223 ad
571 1187 721 1223 actum
760 1197 851 1223 sese
893 1187 1176 1239 comparent,
1217 1198 1350 1238 quam
1391 1184 1459 1225 sui
1491 1183 1799 1240 Praeceptoris
1839 1199 1891 1225 ac
1923 1184 2056 1226 Prae-

317 1252 427 1294 fecti
459 1253 681 1307 generalis
708 1253 881 1309 judicio
914 1255 1004 1295 sint
1035 1253 1227 1310 probati.

461 1323 538 1370 22.
601 1325 702 1366 Hoc
734 1340 943 1379 examen,
984 1340 1009 1366 a
1042 1340 1131 1380 quo
1171 1340 1320 1367 severe
1359 1324 1541 1380 quidem
1574 1326 1748 1381 agendo
1781 1326 1932 1368 nullus
1963 1326 2055 1368 fere

318 1395 607 1452 excipiendus
631 1411 652 1437 e
672 1397 851 1447 nostris,
886 1401 942 1449 et,
977 1396 1013 1437 si
1035 1396 1131 1437 fieri
1159 1400 1321 1452 potest,
1353 1397 1506 1438 nullus
1537 1399 1671 1438 etiam
1690 1412 1744 1438 ex
1768 1397 1979 1439 Alumnis
2012 1401 2055 1439 et

318 1467 676 1521 Convictoribus,
700 1467 932 1523 publicum
951 1468 1047 1521 erit,
1066 1468 1154 1509 nisi
1171 1468 1281 1523 quid
1299 1468 1466 1510 obstet:
1491 1468 1715 1522 videlicet,
1739 1468 1776 1509 si
1797 1473 2054 1510 nostrorum

318 1543 394 1591 est,
420 1553 570 1580 coram
587 1538 796 1580 omnibus
818 1538 984 1580 nostris
1002 1538 1323 1595 Philosophiae
1347 1539 1648 1592 auditoribus3
1671 1539 1740 1581 sin
1754 1539 2057 1581 Alumnorum

318 1625 393 1651 seu
428 1610 764 1664 Convictorum,
799 1625 948 1652 coram
982 1610 1191 1651 omnibus
1223 1610 1292 1651 sui
1323 1610 1516 1666 Collegii
1538 1610 1847 1667 Philosophis3
1882 1610 1952 1651 sin
1985 1626 2059 1652 ex-

319 1685 549 1723 terma-um
582 1682 676 1736 (qui
708 1686 873 1735 tamen,
906 1686 958 1723 ut
990 1696 1178 1722 examen
1210 1680 1296 1722 hoc
1338 1681 1542 1735 subeant,
1577 1681 1767 1737 cogendi
1797 1695 1890 1722 non
1921 1684 2058 1735 sunt),

318 1767 467 1794 coram
499 1752 708 1794 omnibus
740 1752 936 1794 externis
968 1751 1268 1809 Philosophis,
1301 1753 1459 1794 saltem
1492 1767 1596 1794 suae
1629 1753 1795 1794 classis.

437 1823 515 1869 23.
540 1824 851 1865 Examinandi
874 1824 1058 1865 initium
1079 1829 1171 1865 sta·
1301 1823 1377 1870 23.
1430 1823 1741 1865 Examinandi
1770 1823 1954 1865 initium.
1976 1823 2058 1866 sub

322 1895 404 1936 tim
456 1900 560 1952 post
607 1895 741 1937 ferias
781 1895 1017 1937 Paschatis
1068 1895 1168 1949 fiat3
1189 1884 1191 1931 1
1210 1896 1346 1937 finem
1369 1895 1477 1937 anni
1498 1896 1591 1948 fiat,
1626 1895 1880 1937 distributis
1903 1895 2059 1936 diebus

319 1967 393 2007 vel
411 1967 550 2008 etiam
569 1972 686 2020 ante,
711 1967 748 2008 si
770 1967 1018 2008 multitudo
1040 1971 1172 2022 cogat
1189 1953 1191 2003 f
1210 1982 1259 2009 eo
1300 1967 1478 2021 ordine,
1520 1982 1651 2022 quem
1683 1968 1870 2021 Rector,
1904 1966 2059 2008 audito

319 2038 745 2093 examinandorum,
788 2038 1043 2080 distributis
1082 2037 1172 2079 die-
1209 2038 1446 2080 Praefecto
1480 2042 1524 2078 et
1557 2038 1870 2094 Praeceptore,
1910 2037 2060 2079 existi-

319 2109 402 2150 bus
433 2111 501 2151 eo¹
531 2109 700 2164 ordine,
734 2125 865 2165 quem
889 2110 1071 2163 Rector,
1096 2124 1171 2150 au-
1209 2110 1401 2151 inaverit
1433 2108 1859 2150 commodissimum.

320 2180 415 2222 dito
475 2181 708 2223 Praefecto
769 2186 813 2223 et
867 2182 1192 2237 Praeceptore,.

321 2252 648 2293 existimaverit
680 2252 1107 2294 commodissimum.
1190 2231 1192 2275 1

463 2324 608 2365 Duret
647 2339 835 2365 examen
875 2324 1157 2378 singulorum
1205 2322 1445 2363 minimum
1495 2336 1587 2362 una
1630 2320 1740 2361 hora
1787 2324 1947 2375 eatque
1984 2336 2062 2376 per

321 2409 473 2435 omnes
513 2394 749 2450 primarias
788 2395 1019 2449 materias,
1060 2409 1170 2449 quas
1202 2393 1463 2434 Praefectus
1504 2391 1771 2447 tempestive
1810 2407 1861 2433 ac
1893 2396 2059 2433 secreto

323 2465 708 2507 examinatoribus
741 2465 1006 2519 assignabit.

463 2535 539 2582 24.
603 2538 742 2578 Porro
776 2536 1089 2592 Philosophici
1121 2540 1245 2577 actus
1269 2539 1417 2575 totum
1437 2533 1691 2575 scholarum
1723 2538 1899 2589 tempus
1933 2548 2062 2574 occu-

320 2611 430 2663 pent
462 2607 712 2661 minimum,
747 2608 818 2649 vol
851 2622 981 2648 mane
1013 2608 1086 2649 vel
1119 2622 1145 2648 a
1176 2605 1379 2662 prandio.
1432 2604 1537 2645 Tres
1558 2603 1648 2645 fere
1671 2608 2060 2659 argumententur,

323 2692 512 2732 quorum
552 2694 667 2719 imus
700 2679 759 2720 sit
796 2684 847 2719 ut
886 2678 1133 2735 plurimum
1181 2676 1345 2731 aliquis
1393 2690 1446 2716 ex
1492 2675 1658 2716 nostris
1690 2675 1932 2730 magistris,
1966 2674 2060 2716 sive

322 2748 594 2804 Theologiae
628 2750 723 2790 sivo
757 2749 1091 2805 Philosophiae,
1124 2748 1197 2790 Vel
1230 2748 1401 2789 Doctor
1425 2746 1588 2802 aliquis
1608 2745 1867 2801 Religiosus
1891 2749 1968 2787 aut
1988 2761 2060 2786 ex-

323 2827 489 2861 ternus.
554 2820 907 2861 Conclusionum
940 2825 1091 2861 autem
1124 2833 1338 2860 numerus
1371 2833 1421 2859 ac
1453 2818 1568 2859 ratio
1602 2831 1693 2858 non
1726 2816 1981 2872 discrepent
2001 2815 2057 2857 ab

323 2906 388 2945 eo,
422 2890 541 2946 quod
573 2890 627 2932 de
659 2891 943 2946 Theologicis
976 2890 1260 2945 generalibus
1292 2894 1513 2931 statutum
1545 2892 1612 2930 est
1634 2886 1791 2942 regula
1823 2887 1910 2931 95¹²
1952 2889 2022 2934 105¹

327 2966 399 3008 115²
435 2967 480 3003 et
514 2964 587 3006 12²2

476 3046 486 3065 ¹
517 3055 570 3088 pr.
598 3055 666 3078 om.
693 3054 746 3078 eo.

471 3105 485 3127 ²
510 3115 555 3140 m.
581 3108 725 3139 tantum
752 3104 793 3138 9².
