2084 3441
298 146 355 194 48
490 155 601 198 ‘Ratio
628 156 832 199 studiorum
857 166 895 199 et
920 158 1176 199 institutiones
1201 156 1444 198 scholasticae
1471 155 1665 199 Societatis
1691 157 1780 200 ι10311
1803 157 1841 200 ῙΙ

298 296 391 323 11011
435 281 675 325 videbitur.
739 284 802 324 At
842 297 997 324 reuera
1028 281 1223 324 maxime
1270 283 1468 339 pertinet
1501 283 1558 324 ad
1589 283 1816 339 pietatem,
1855 289 1907 326 vt
1945 283 1992 326 id

298 366 390 393 non
431 352 577 395 solum
616 353 669 394 de
698 354 888 409 Angelo,
922 353 998 395 sed
1030 354 1166 394 etiam
1201 352 1253 394 de
1286 353 1488 408 quolibet
1519 367 1700 409 corpore
1733 353 1989 408 definiatur,

297 430 481 480 propter
520 424 835 466 Eucharistiae
878 424 1230 477 Sacramentum,
1272 439 1364 465 non
1404 424 1549 466 solum
1588 424 1694 479 quia
1734 424 1843 466 haec
1875 439 1993 466 com-

297 494 477 536 munior
508 495 658 550 opinio
692 500 770 548 est,
803 499 855 536 vt
887 494 1023 547 Scoti,
1059 494 1292 549 Richardi,
1323 495 1522 548 Aureoli,
1561 495 1797 549 GabrieliS,
1832 495 1991 550 Okam,

296 564 501 619 Marsilij,
535 565 611 606 sed
645 566 780 606 etiam
814 565 920 619 quia
953 578 1104 606 omnes
1127 565 1277 619 ferme,
1299 566 1377 621 qui
1400 571 1552 608 nostra
1575 570 1720 607 aetate
1753 566 1991 622 disputant

205 653 276 676 .;·.τ.
299 649 400 676 011111
441 635 705 688 Haereticis,
743 636 937 691 probant
975 650 1028 676 ex
1068 636 1312 693 Scripturis
1344 642 1388 678 et
1422 637 1645 690 Patribus,
1680 651 1807 693 posse
1839 637 1958 678 idem
1986 637 1990 694 Ι

297 719 456 762 corpus
486 706 866 762 circumscriptiue
899 721 989 747 esse
1022 706 1157 747 31111111
1189 707 1237 748 111
1268 706 1423 748 multis
1455 708 1576 762 locis,
1609 723 1709 750 cum
1730 708 1992 764 praesertim

298 777 461 830 omnia,
503 791 615 832 quae
649 777 1061 834 circumscriptiuae
1093 778 1310 835 positioni
1341 779 1539 821 eiusdem
1572 779 1769 835 corporis
1800 779 1848 820 in
1881 778 1991 820 duo-

297 848 379 889 bus
412 848 521 890 locis
553 852 822 904 repugnant,
855 857 1112 905 repugnent
1145 850 1282 891 etiam
1315 850 1658 904 Sacramentali3
1691 865 1797 891 nam
1828 851 1994 891 Haere-

297 918 391 972 tici,
430 932 520 960 non
560 933 688 974 posse
727 919 847 961 idem
881 920 1052 961 Christi
1084 934 1243 977 corpus
1276 935 1368 962 esse
1400 922 1448 963 in
1480 922 1601 964 coelo
1633 921 1915 975 naturaliter,
1949 925 1993 963 et

299 989 343 1030 in
392 989 543 1030 Altari
592 990 1003 1045 Sacramentaliter,
1046 1005 1138 1032 non
1187 991 1287 1047 alijs
1332 993 1527 1048 probant
1575 992 1855 1049 argumentis
1886 991 1990 1046 fere,

297 1075 431 1115 quam
463 1060 632 1116 ijsdem,
667 1061 831 1115 quibus
865 1061 1005 1116 aliqui
1037 1061 1255 1117 Theologi
1287 1063 1483 1119 probant
1512 1077 1777 1119 repugnare,
1801 1067 1852 1104 vt
1873 1062 1992 1103 idem

297 1145 456 1187 corpus
489 1132 547 1172 sit
578 1132 713 1173 simul
745 1133 789 1173 in
827 1132 1002 1174 duobus
1034 1133 1143 1174 locis
1166 1134 1566 1191 circumscriptiue.
1615 1134 1730 1175 Item
1753 1133 1989 1175 definitum

296 1209 373 1255 est,
414 1201 461 1243 in
504 1203 597 1243 Deo
636 1203 814 1259 proprie
859 1208 902 1245 et
940 1202 1193 1246 formaliter
1224 1220 1317 1245 esse
1348 1205 1585 1246 iustitiam.
1651 1206 1992 1260 Superuacuum

296 1272 342 1314 id
373 1273 514 1328 aliqui
546 1274 786 1329 putabunt,
822 1289 921 1315 cum
955 1289 1046 1318 non
1079 1275 1138 1316 sit
1169 1276 1312 1317 maior
1343 1277 1458 1318 ratio
1492 1276 1545 1317 de
1578 1276 1754 1318 iustitia
1776 1290 1911 1330 quam
1935 1274 1990 1316 de

297 1344 484 1385 caeteris
523 1345 771 1386 attributis.
843 1346 906 1387 At
946 1348 1235 1389 meminerint
1274 1348 1327 1389 de
1368 1347 1546 1389 iustitia
1587 1361 1678 1388 0330
1719 1346 1991 1402 peculiarem

297 1414 624 1468 difficultatem,
665 1431 715 1458 eo
749 1417 868 1472 quod
900 1418 1022 1459 Deus
1054 1418 1169 1460 nulli
1201 1419 1380 1471 debeat,
1413 1424 1648 1474 propterea
1680 1417 1820 1472 aliqui
1851 1416 1992 1458 Theo-

296 1485 391 1540 logi
435 1493 662 1541 negarunt
701 1488 847 1529 Deum
891 1503 984 1530 esse
1026 1489 1203 1545 proprie
1243 1489 1426 1531 iustum.
1488 1489 1610 1530 Hinc
1649 1488 1783 1530 etiam
1821 1490 1993 1542 negant

296 1558 524 1599 Haeretici
555 1559 712 1600 merita
746 1565 914 1613 nostra,
949 1575 1061 1615 quae
1094 1560 1141 1602 in
1172 1560 1350 1602 iustitia
1369 1560 1455 1601 Dei
1485 1564 1528 1601 et
1549 1563 1707 1601 nostra
1726 1557 1989 1600 fundantur.

297 1628 499 1670 Pertinet
537 1629 689 1684 itaque
727 1631 922 1672 maxime
961 1631 1018 1673 ad
1057 1631 1287 1687 pietatem,
1330 1636 1380 1673 vt
1419 1631 1660 1672 definiatur
1691 1644 1782 1671 0330
1813 1629 1862 1671 111
1893 1628 1989 1670 Deo

297 1700 474 1755 proprie
505 1700 740 1752 iustitiam,
774 1716 867 1743 non
898 1702 1215 1759 metaphorice.
1278 1703 1395 1744 Item
1427 1702 1668 1744 definitum
1700 1705 1777 1755 est,
1809 1700 1990 1758 praede-

298 1770 554 1812 stinationis
593 1786 674 1812 nec
710 1772 945 1827 rationem,
986 1788 1068 1815 nec
1108 1773 1412 1815 conditionem
1447 1788 1539 1815 0330
1570 1788 1624 1814 ex
1653 1777 1781 1829 parte
1811 1776 1986 1825 nostra3

298 1840 344 1883 id
376 1842 431 1883 ad
463 1843 680 1898 pietatem
712 1858 870 1899 parum
892 1845 1129 1900 pertinere,
1152 1845 1270 1886 dicet
1292 1844 1468 1900 aliquis.
1518 1844 1581 1885 At
1602 1843 1719 1884 hanc
1739 1841 1988 1897 Augustini

297 1911 547 1954 doctrinam
579 1928 671 1955 non
704 1915 835 1956 modo
868 1915 1148 1957 communior
1169 1916 1501 1971 Theologorum
1522 1915 1674 1957 schola
1695 1914 1786 1955 iam
1805 1912 1987 1969 recepit,

297 1983 374 2024 sed
413 1989 457 2025 et
495 1984 722 2026 Ecclesiae
758 1986 914 2028 Patres
946 2001 1026 2043 per
1066 1989 1178 2030 1200
1210 1987 1389 2028 circiter
1424 2001 1579 2041 annos,
1613 1985 1691 2041 qui
1721 1984 1771 2026 id
1802 1988 1986 2026 conten-

298 2053 412 2095 dunt
442 2055 631 2111 probare
663 2071 717 2097 ex
750 2057 994 2114 Scripturis
1026 2063 1070 2099 et
1102 2058 1325 2114 responsis
1360 2057 1631 2099 Pontificum
1663 2057 1987 2108 Romanorum,

296 2140 455 2182 nempe
501 2126 685 2179 Zosimi,
739 2129 896 2184 Xysti,
949 2129 1204 2183 Coelestini,
1258 2129 1435 2184 Leonis,
1485 2127 1667 2182 Gelasii,
1715 2127 1834 2183 apud
1878 2139 1989 2181 quos

297 2196 612 2251 Massilienses,
654 2199 907 2253 Cassianus,
946 2200 1145 2242 Faustus
1184 2199 1351 2256 alijque
1390 2200 1525 2242 huius
1564 2196 1988 2256 praedestinationis

300 2273 634 2323 oppugnatores
666 2270 781 2311 male
814 2285 986 2327 semper
1017 2271 1270 2313 audierunt.
1332 2271 1459 2313 Idem
1490 2276 1556 2312 est
1588 2270 1642 2312 de
1672 2284 1805 2311 causa
1835 2282 1984 2325 repro-

194 2366 199 2379 ,
233 2337 495 2380 ;;,.1)01;101113
536 2339 769 2394 iudicium,
807 2356 910 2383 cum
948 2342 1003 2384 ab
1040 2342 1200 2398 ijsdem
1232 2342 1446 2385 Patribus
1477 2348 1705 2397 utrunque
1733 2343 1739 2396 l
1766 2340 1989 2383 traditum

298 2409 369 2450 sit.
432 2409 547 2451 Item
589 2411 829 2454 definitum
873 2419 951 2468 est,
991 2414 1297 2456 infallibiliter
1329 2429 1354 2456 a
1386 2414 1483 2455 Deo
1513 2410 1845 2470 praecognosci,
1879 2409 1989 2465 quid

299 2479 461 2534 quibus
499 2481 656 2537 positis
695 2485 870 2526 factura
907 2485 1119 2527 voluntas
1156 2491 1282 2539 esset,
1324 2484 1501 2526 etiamsi
1539 2497 1774 2539 nunquam
1811 2482 1989 2524 factura

298 2550 370 2591 sit.
433 2552 533 2593 Hoc
576 2568 680 2594 sane
724 2569 853 2597 nemo
898 2557 1087 2612 negabit
1129 2572 1220 2598 esse
1265 2572 1366 2598 cum
1406 2557 1572 2612 pietate
1610 2567 1875 2607 connexum,
1910 2552 1989 2608 qui

298 2622 479 2663 nouerit
511 2622 559 2664 in
593 2624 836 2681 scripturis
868 2642 894 2668 a
925 2628 1021 2669 Deo
1054 2629 1198 2670 multa
1229 2627 1427 2684 praedici
1457 2626 1612 2668 futura
1644 2640 1750 2679 esse,
1783 2625 1821 2665 31
1852 2638 1986 2679 quae-

299 2691 402 2733 dam
435 2693 519 2734 alia
554 2701 838 2751 ponerentur,
872 2712 986 2753 quae
1018 2704 1170 2741 tamen
1201 2704 1355 2756 postea
1387 2713 1479 2740 non
1509 2697 1703 2740 fuerunt.
1766 2695 1851 2736 Hjs
1881 2708 1987 2736 Vero

298 2763 682 2818 praedictionibus
725 2767 922 2822 potuisse
967 2768 1147 2811 subesse
1188 2771 1366 2824 falsum,
1400 2770 1551 2811 minus
1590 2768 1663 2824 pie
1702 2770 1846 2820 sonat,
1884 2779 1987 2807 cum

299 2847 390 2874 non
422 2833 510 2875 alia
543 2834 596 2875 (10
628 2850 761 2877 causa
792 2838 1008 2892 mysteria
1037 2840 1167 2882 Fidei
1196 2841 1455 2882 infallibilis
1486 2839 1690 2882 veritatis
1721 2851 1813 2879 esse
1836 2836 1986 2878 creda-

300 2919 410 2958 mus,
443 2905 532 2946 nisi
564 2906 669 2961 quia
702 2908 821 2949 Deus
853 2923 903 2950 ea
936 2909 1064 2951 dixit.
1129 2912 1247 2953 Sunt
1278 2917 1321 2953 et
1354 2913 1443 2953 alia
1473 2911 1521 2952 id
1553 2925 1694 2965 genus
1726 2908 1881 2949 multa·

443 2976 576 3018 Nunc
609 2977 661 3018 de
692 2979 885 3020 secundo
916 2994 1092 3035 genere,
1132 2982 1180 3022 in
1211 2996 1298 3037 quo
1328 2987 1608 3038 reponuntur
1637 2979 1849 3022 materiae
1888 2991 1989 3033 gra-

300 3047 458 3104 uiores,
497 3052 548 3089 vt
586 3048 822 3106 principia,
861 3065 914 3091 ex
947 3051 1112 3106 quibus
1145 3052 1234 3094 alia
1273 3053 1481 3108 pendent,
1529 3053 1601 3094 vel
1631 3052 1679 3093 in
1713 3050 1876 3106 quibus
1908 3047 1988 3090 ali-
