2089 3381
631 148 674 184 R.
701 150 745 183 st.
773 146 874 182 1586.
912 136 1250 181 commentariolus.
1733 129 1788 176 47

93 282 259 321 earum,
306 281 419 322 quae
465 267 611 323 magis
651 266 790 308 firmis
832 264 1087 307 rationibus
1130 278 1180 305 ac
1220 263 1528 304 fundamentis
1566 264 1791 317 nituntur,

95 353 229 394 quam
274 352 426 379 earum
468 338 732 380 contrariae.
795 336 896 377 Hoc
941 334 1063 376 enim
1104 348 1246 389 genus
1284 333 1330 374 in
1369 333 1514 389 primo
1552 334 1625 375 vel
1656 334 1791 376 tertio

95 408 366 462 continetur,
399 408 631 464 siquidem,
666 421 780 463 quae
813 406 904 448 sint
935 405 1155 447 firmiores
1186 404 1397 457 rationes,
1432 417 1524 445 non
1556 409 1703 459 potest
1737 420 1791 446 ex

94 478 203 536 ipsis
234 479 488 521 rationibus
520 477 724 530 iudicari,
758 492 859 519 cum
892 491 1021 533 saepe
1054 475 1241 528 accidat,
1276 480 1326 517 vt
1351 475 1505 516 eadem
1528 480 1794 529 argumenta

95 550 232 592 alicui
272 549 691 601 demonstrationes,
738 547 869 589 alteri
913 547 1190 604 sophismata
1233 546 1489 590 videantur.
1554 546 1643 587 Hic
1686 560 1793 587 vero

93 621 233 663 trium
272 635 487 676 generum
526 619 725 661 delectus
769 619 807 660 si
847 622 1111 671 seruaretur,
1155 632 1400 674 paucarum
1440 616 1645 658 definitio
1686 616 1795 658 satis

96 696 224 746 esset,
250 706 332 733 nec
364 694 589 748 oporteret
620 694 830 743 statuere,
862 693 929 743 vt,
963 689 1118 746 paucis
1149 688 1358 745 exceptis,
1392 687 1439 728 in
1472 686 1659 742 reliquis
1691 702 1716 728 a
1749 686 1793 728 S.

96 762 271 805 Thoma
312 777 405 804 non
447 761 702 814 recedatur3
749 760 833 803 hac
875 760 994 802 enim
1038 760 1136 815 lege
1166 773 1343 801 necesse
1374 763 1441 800 est
1479 757 1796 815 comprehendi

97 835 262 876 multas
302 834 347 876 S.
381 832 577 875 Thomae
616 832 926 874 conclusiones
958 831 1221 884 leuissimas,
1256 845 1359 872 cum
1392 834 1549 872 contra
1581 829 1691 870 satis
1723 828 1796 882 sit,

97 909 148 947 vt
181 904 338 948 Nostri
369 905 417 945 in
449 918 540 947 vno
573 903 805 945 doctrinae
836 917 1000 959 genere
1023 901 1308 953 conueniant,
1333 900 1480 956 qualis
1503 905 1569 942 est
1591 899 1798 942 doctrina

99 977 142 1019 S.
165 976 377 1029 Thomae,
409 991 465 1017 ne
497 975 701 1017 diuersae
734 974 863 1030 quasi
895 977 1040 1015 sectae
1061 973 1348 1014 inducantur.
1398 971 1593 1013 Abunde
1618 985 1796 1027 quoque

97 1047 404 1090 consuleretur
440 1046 723 1099 concordiae3
764 1046 883 1101 quia,
922 1044 1121 1086 definitis
1156 1042 1427 1099 quibusdam
1458 1041 1709 1099 principijs,
1743 1056 1797 1083 ex

97 1118 259 1175 quibus
301 1118 389 1160 alia
425 1117 636 1174 pendent,
674 1117 722 1158 in
762 1116 948 1159 caeteris
987 1130 1080 1157 non
1118 1130 1247 1172 saepe
1286 1113 1526 1169 contingit,
1560 1117 1611 1155 vt
1641 1112 1798 1155 Nostri

95 1189 384 1243 dissentiant;
425 1193 469 1231 et
509 1189 546 1231 si
585 1188 868 1241 dissentiant,
911 1187 1193 1229 leuissimum
1231 1190 1299 1228 est
1329 1184 1663 1242 perturbandae
1694 1198 1797 1226 con-

97 1260 273 1303 cordiae
303 1260 569 1318 periculum.

237 1332 363 1374 Haec
405 1331 550 1374 omnis
590 1331 834 1374 difficultas
873 1330 1062 1373 minoris
1106 1329 1240 1387 plane
1284 1328 1502 1371 momenti
1540 1332 1619 1383 est,
1664 1342 1799 1384 quam

95 1403 318 1446 videatur.
380 1403 498 1445 Nam
537 1403 746 1459 primum,
787 1403 876 1444 tria
915 1402 1068 1459 priora
1108 1415 1273 1457 genera
1303 1416 1396 1443 non
1428 1405 1536 1442 sunt
1566 1399 1689 1446 satis,
1723 1399 1800 1441 sed

97 1478 308 1531 quartum
325 1473 461 1516 etiam
480 1474 798 1529 adijciendum,
823 1474 943 1529 quod
963 1473 1129 1516 validis
1148 1472 1313 1514 nititur
1327 1472 1600 1514 rationibus:
1617 1476 1801 1528 propter

97 1546 178 1588 has
210 1545 330 1588 enim
361 1545 594 1587 autoribus
617 1544 893 1586 existimatio
927 1544 1100 1586 accedit
1127 1548 1205 1585 aut
1227 1543 1425 1585 decedit:
1447 1542 1590 1599 ijsque
1613 1542 1799 1584 adducti

96 1631 424 1672 nonnunquam
437 1617 630 1658 solemus
643 1617 715 1658 vel
733 1617 860 1673 sequi
875 1616 1026 1658 minus
1037 1615 1226 1657 eximios
1243 1615 1494 1671 scriptores,
1509 1615 1582 1656 vel
1600 1614 1799 1655 deserere

98 1688 380 1730 clarissimos.
415 1688 477 1729 At
494 1687 549 1729 de
566 1687 835 1742 rationibus,
853 1687 1043 1743 inquies,
1055 1688 1234 1730 Varium
1252 1701 1303 1728 ac
1322 1685 1563 1742 multiplex
1578 1685 1692 1728 solet
1706 1700 1799 1727 esse

96 1759 332 1803 iudicium.
380 1759 506 1802 Solet
533 1759 679 1815 plane,
707 1758 783 1801 sed
807 1758 927 1800 idem
954 1759 1147 1814 quadrat
1174 1759 1224 1799 in
1255 1757 1453 1814 primum
1484 1761 1529 1799 et
1552 1756 1799 1799 secundum

93 1845 234 1887 genus
251 1830 528 1887 opinionum,
546 1845 648 1872 cum
664 1831 912 1887 plerunque
933 1831 936 1888 y
958 1830 1237 1883 altercemur,
1256 1829 1372 1870 sitne
1391 1828 1544 1884 aliqua
1571 1827 1798 1869 sententia
1842 1862 1848 1868 .

97 1901 334 1958 grauioris,
376 1917 434 1943 an
471 1901 654 1943 leuioris
692 1902 932 1955 materiae;
974 1905 1018 1942 et
1058 1901 1360 1943 coniunctane
1392 1915 1491 1942 cum
1524 1899 1706 1956 pietate,
1740 1913 1799 1940 an

99 1972 314 2015 abiuncta
353 1972 550 2030 penitus.
612 1973 681 2014 De
721 1973 886 2029 quibus
925 1973 963 2015 si
1001 1971 1111 2028 quid
1149 1970 1442 2013 statuendum
1480 1985 1574 2012 esse
1617 1969 1801 2026 putabit

99 2043 312 2099 Societas,
353 2044 401 2086 id
439 2048 634 2087 statuere
669 2058 762 2086 non
793 2044 975 2101 poterit,
1009 2043 1098 2085 nisi
1129 2058 1184 2085 ex
1214 2042 1385 2084 iudicio
1418 2056 1602 2084 suorum
1634 2041 1800 2083 Docto-

97 2129 216 2157 rum:
259 2130 339 2157 cur
375 2129 468 2158 non
506 2115 593 2158 hoc
633 2115 782 2172 ipsum
815 2115 1028 2158 adhibere
1058 2118 1211 2171 potest
1242 2114 1292 2156 in
1324 2112 1631 2170 expendendis
1662 2111 1800 2154 ratio-

98 2201 208 2229 num
249 2186 518 2229 momentis?
589 2186 765 2228 Deinde
806 2186 1094 2240 definiantur,
1135 2190 1243 2240 esto,
1286 2185 1376 2227 tria
1417 2184 1570 2241 priora
1617 2187 1800 2226 tantum

99 2272 281 2313 genera;
315 2262 361 2300 at
392 2257 502 2300 haec
521 2258 612 2300 tria
633 2272 726 2299 non
747 2257 971 2300 modicam
993 2257 1231 2299 continent
1255 2255 1618 2298 definiendorum
1641 2254 1797 2297 multi-

99 2328 317 2383 tudinem,
351 2334 394 2371 et
420 2329 784 2383 numerosiorem,
818 2344 953 2385 quam
984 2329 1128 2385 primo
1159 2328 1372 2370 videatur
1403 2331 1598 2384 aspectu.
1653 2325 1799 2367 Attin-

99 2414 259 2456 gamus
299 2399 473 2456 aliquid
512 2400 565 2442 de
606 2400 798 2456 singulis
838 2400 1024 2442 seorsim
1064 2404 1110 2441 et
1143 2399 1374 2441 ordiamur
1413 2413 1439 2440 a
1477 2398 1638 2455 primo,
1679 2396 1800 2453 quod

100 2471 343 2513 sententias
394 2486 495 2513 cum
542 2471 711 2528 pietate
763 2486 986 2514 connexas
1035 2470 1335 2527 amplectitur.
1411 2469 1531 2512 Nam
1575 2468 1798 2525 quomodo

101 2547 278 2599 oportet
309 2557 401 2584 esse
433 2556 669 2597 connexas,
702 2547 767 2597 vt,
801 2558 914 2599 quae
947 2542 1236 2596 definiantur,
1270 2541 1436 2597 dignae
1471 2540 1592 2582 sint‘?
1655 2540 1799 2593 Itane,

100 2618 165 2667 vt,
204 2613 297 2655 illis
336 2614 605 2670 pernegatiS,
645 2614 826 2671 penitus
867 2629 918 2656 ac
961 2612 1200 2655 manifesto
1240 2616 1346 2654 ruat
1386 2611 1559 2668 pietas?
1620 2611 1685 2653 At
1715 2610 1799 2652 hae

101 2683 155 2725 de
187 2683 274 2726 fide
305 2682 396 2725 fere
427 2688 545 2738 sunt,
578 2688 622 2726 et
654 2685 760 2739 quia
788 2685 890 2741 plus
912 2683 1052 2726 nimio
1077 2688 1234 2747 certae,
1257 2683 1331 2725 hic
1353 2698 1445 2725 non
1467 2681 1798 2739 exprimendae.

101 2755 176 2797 An
208 2754 388 2810 quando
421 2755 614 2797 maxime
646 2755 804 2797 fauent
836 2755 998 2813 pietati
1031 2770 1081 2797 ac
1112 2754 1231 2809 fidei,
1264 2754 1331 2796 ita
1363 2759 1414 2796 vt
1441 2768 1519 2810 per
1538 2753 1640 2795 illas
1667 2752 1799 2795 facile

103 2825 383 2879 defendatur,
426 2825 521 2867 sine
559 2826 650 2868 illis
682 2841 813 2882 aegre
845 2832 891 2868 et
922 2826 1235 2868 incommode?
1296 2826 1360 2867 At
1390 2825 1475 2867 hae
1507 2839 1676 2882 paucae
1707 2837 1799 2865 non

103 2901 219 2938 sunt.
283 2896 591 2938 Indicabimus
624 2897 813 2953 aliquaS,
846 2912 901 2939 ex
934 2897 1097 2953 quibus
1130 2897 1386 2939 consimiles
1419 2895 1581 2952 conijei
1612 2894 1797 2951 possint.

103 2967 352 3009 Definitum
383 2971 462 3021 est,
494 2982 587 3010 non
618 2982 869 3025 repugnare
900 2983 981 3025 per
1011 2969 1097 3011 Dei
1129 2968 1381 3025 potentiam
1406 2967 1635 3023 Angelum
1665 2963 1799 3005 simul

104 3052 195 3080 esse
226 3052 353 3096 posse
385 3038 434 3080 in
465 3038 621 3081 multis
652 3039 763 3082 locis
785 3039 1064 3096 adaequatis
1113 3039 1396 3092 Quibusdam
1415 3038 1464 3080 id
1484 3037 1615 3080 valde
1635 3035 1797 3077 referre
