2089 3381
470 162 514 209 R.
541 177 587 208 st.
616 166 714 208 1586.
754 162 962 216 Opininium
988 169 1150 204 delectus
1178 164 1214 202 in
1239 165 1363 202 Theoi.
1709 153 1761 198 31

77 293 192 334 nihil
223 293 409 348 grauius
446 291 794 345 commendauit,
833 290 950 332 nihil
989 304 1033 331 se
1071 288 1217 344 magis
1259 292 1415 344 optare
1456 292 1646 329 testatus
1686 293 1766 341 est,

78 378 214 420 quam
236 368 287 406 vt
309 378 462 406 eorum
486 378 617 420 opera
651 361 868 419 opinandi
899 360 1095 414 licentia,
1129 374 1243 415 quae
1275 358 1551 414 quotidianis
1583 363 1626 400 et
1657 358 1769 415 peri-

78 434 190 476 culis
231 439 276 477 et
314 435 682 477 altercationibus
715 438 891 475 nostros
922 431 1173 489 perturbat,
1207 430 1502 483 cohiberetur,
1537 430 1769 485 omnisque

79 505 283 548 doctrina
330 507 570 549 Societatis
618 505 729 547 duas
775 503 996 560 imprimis
1028 517 1096 544 res
1136 506 1481 556 consequeretur
1520 500 1568 541 in
1606 501 1770 542 nostris

81 576 493 619 Constitutionibus
536 576 794 632 frequenter
835 574 1099 627 inculcatas,
1151 572 1439 626 soliditatem,
1486 586 1600 627 quae
1650 571 1773 612 omni

80 648 331 690 temeritate
365 652 560 701 vacaret,
601 652 645 688 et
677 645 1026 698 consensionem,
1066 659 1201 700 quam
1233 647 1303 685 tot
1332 642 1632 700 professorum
1671 656 1773 683 con-

81 719 306 761 tentiones
337 719 617 761 labefactant
638 732 730 760 non
751 732 923 774 parum.
974 716 1059 757 His
1080 715 1150 757 illi
1172 714 1398 756 mandatis
1421 728 1522 756 cum
1543 713 1774 755 studerent

86 789 393 847 obtemperare
434 805 514 847 pro
548 789 737 844 viribus,
769 788 1025 842 formulam,
1059 802 1173 843 quae
1205 787 1421 842 sequitur,
1462 784 1774 840 conscripsere,

84 875 172 916 qua
211 860 465 917 generatim
507 860 741 916 quaedam,
789 860 1009 916 quaedam
1047 858 1356 916 particulatim
1401 862 1519 899 recte
1567 854 1776 912 componi

83 946 212 987 posse
244 932 342 974 visa
374 937 492 974 sunt.
555 932 639 973 Est
670 936 821 973 autem
853 930 1095 974 huismodi.

225 1003 281 1044 In
321 1002 522 1044 docendo
555 1002 912 1045 corroborandae
943 1002 992 1043 in
1022 1001 1181 1059 primis
1202 1000 1345 1055 Fidei,
1378 999 1651 1054 alendaeque
1676 997 1771 1055 pie·
1793 1015 1901 1048 Regula
1922 1017 1946 1041 1.

83 1073 191 1115 tatis
224 1089 331 1116 cura
361 1074 594 1116 habeatur.
656 1074 799 1116 Nemo
840 1073 983 1130 igitur
1022 1073 1262 1128 quicquam
1303 1071 1473 1126 doceat,
1516 1070 1636 1127 quod
1675 1085 1777 1112 cum

87 1145 313 1187 Ecclesiae
333 1160 464 1188 sensu
480 1145 757 1202 receptisque
775 1144 1098 1187 traditionibus
1114 1158 1206 1185 non
1223 1143 1334 1185 bene
1355 1143 1617 1185 conueniat:
1640 1141 1779 1198 quod-

84 1231 170 1272 que
220 1216 371 1273 aliquo
423 1216 556 1259 modo
603 1216 740 1258 robur
780 1215 924 1270 Fidei,
977 1220 1021 1257 et
1071 1215 1239 1257 solidae
1289 1214 1469 1271 pietatis
1518 1214 1780 1256 firmitatem

86 1287 276 1330 minuat.

227 1359 425 1416 Expedit
457 1359 606 1412 etiam,
638 1359 719 1403 vbi
749 1360 927 1402 nullum
958 1359 1141 1417 pietatis
1175 1364 1220 1401 et
1250 1359 1382 1401 Fidei
1413 1357 1665 1415 periculum
1696 1355 1778 1399 im·
1799 1374 1885 1406 p.1o.
1906 1372 2016 1405 Regula
2036 1371 2062 1397 2.

86 1429 244 1485 minet,
277 1431 578 1488 suspicionem
610 1431 759 1474 vitare
797 1431 934 1488 studij
974 1446 1043 1473 res
1080 1430 1296 1473 moliendi
1333 1445 1476 1472 nouas
1517 1433 1596 1472 aut
1634 1443 1781 1471 nouae

89 1501 347 1544 condendae
391 1502 634 1545 doctrinae.
709 1501 856 1552 Quare
897 1503 1155 1559 opinionem
1193 1502 1336 1544 vllam
1379 1515 1510 1544 nemo
1555 1500 1783 1555 defendat,

90 1588 203 1629 quae
234 1578 395 1616 contra
425 1578 605 1631 recepta
635 1574 1017 1631 Philosophorum
1057 1579 1136 1616 aut
1166 1573 1500 1629 Theologorum
1538 1573 1781 1626 axiomata,

89 1645 162 1688 Vel
185 1651 343 1688 contra
375 1661 657 1689 communem
689 1646 945 1689 scholarum
976 1645 1353 1700 Theologicarum
1384 1659 1563 1686 sensum
1585 1659 1611 1686 a
1630 1643 1785 1700 pleris-

91 1731 177 1773 que
207 1717 317 1760 viris
350 1717 495 1760 doctis
528 1733 620 1760 esse
651 1717 888 1760 iudicetur.

233 1788 357 1839 Quae
389 1789 636 1846 opiniones,
678 1790 983 1844 cuiuscunque
1023 1788 1219 1831 auctoris
1259 1787 1363 1842 sint,
1396 1787 1445 1829 in
1486 1787 1639 1843 aliqua
1673 1788 1783 1829 Pro·
1802 1804 1912 1836 Regula
1932 1804 1957 1829 3.

90 1857 244 1902 uincia
277 1864 355 1902 aut
377 1860 573 1902 Ciuitate
605 1860 774 1903 multos
806 1864 885 1902 aut
904 1860 1175 1902 Nostrorum
1208 1864 1286 1902 aut
1306 1865 1561 1901 exterorum
1586 1859 1786 1902 Catholi-

92 1945 178 1985 cos,
211 1936 256 1973 et
286 1945 379 1973 non
399 1932 619 1986 indoctos,
652 1931 876 1973 offendere
908 1931 1120 1985 scientur,
1155 1946 1227 1972 eas
1258 1930 1325 1972 ibi
1355 1944 1487 1972 nemo
1520 1931 1677 1972 doceat
1709 1935 1788 1973 aut

92 2002 322 2057 defendam
365 2004 572 2058 quamuis
611 2003 720 2044 alibi
758 2003 852 2044 sine
892 2001 1134 2044 offensione
1176 2002 1435 2044 doceantur.
1513 2002 1789 2044 Huiusmodi

92 2088 198 2116 vero
232 2073 464 2130 opiniones
497 2089 522 2116 a
555 2074 756 2130 quolibet
789 2074 1070 2116 Prouinciali
1109 2074 1390 2130 colligendae
1426 2073 1589 2127 forent,
1631 2073 1786 2115 audito

94 2145 281 2187 consilio
299 2146 550 2188 Doctorum
583 2161 687 2188 suae
704 2145 987 2200 Prouinciae,
1020 2150 1085 2200 vt,
1119 2145 1199 2201 qui
1228 2146 1276 2187 in
1308 2160 1360 2187 ea
1392 2145 1568 2199 docent,
1601 2159 1683 2186 nec
1715 2158 1788 2186 eas

93 2215 319 2272 ignorent,
357 2231 438 2259 nec
468 2217 584 2260 vllas
617 2217 727 2259 alias
759 2232 849 2259 esse
881 2222 1110 2273 praeterea
1141 2217 1275 2258 huius
1306 2217 1481 2272 generis
1513 2216 1787 2258 existiment.

235 2289 291 2330 In
324 2288 661 2344 quaestionibus
694 2288 749 2331 ab
782 2288 881 2345 alijs
920 2293 1026 2330 ante
1056 2287 1265 2330 tractatis
1294 2301 1426 2329 nemo
1457 2301 1599 2329 nouas
1631 2301 1786 2342 sequa·
1807 2306 1915 2338 Regula
1934 2304 1960 2329 4.

98 2363 171 2402 tur
203 2360 448 2416 opiniones,
483 2365 563 2402 aut
593 2360 642 2402 in
672 2359 820 2414 rebus,
854 2374 968 2415 quae
989 2359 1063 2401 vel
1088 2358 1148 2401 ad
1166 2358 1434 2414 religionem
1455 2372 1635 2414 quoquo
1655 2358 1789 2400 modo

95 2431 315 2487 pertinere
345 2436 535 2488 possunt
565 2431 637 2474 vel
679 2430 870 2473 alicuius
912 2431 1132 2472 momenti
1175 2434 1294 2485 sunt,
1341 2444 1483 2471 nouas
1527 2429 1792 2471 introducat

98 2503 382 2558 quaestiones
413 2517 491 2545 seu
530 2502 850 2557 dubitationes,
889 2503 1024 2544 Patre
1064 2500 1345 2542 Prouinciali
1386 2499 1665 2554 inconsult03
1700 2500 1790 2555 qui,

97 2587 185 2629 quo
218 2573 401 2615 suauius
431 2573 479 2615 id
509 2573 603 2628 fiat,
637 2573 792 2615 audito
812 2573 1061 2614 Doctorum
1092 2586 1198 2614 suae
1219 2571 1486 2613 Prouinciae
1513 2570 1696 2626 iudicio,
1729 2571 1790 2625 id,

99 2645 220 2700 quod
252 2644 309 2686 ad
340 2644 555 2686 maiorem
585 2643 672 2686 Dei
702 2644 895 2700 gloriam
925 2644 1077 2687 visum
1108 2642 1260 2697 fuerit,
1292 2642 1581 2699 praescribet.

239 2716 294 2758 In
324 2715 571 2771 Theologia
601 2715 856 2758 doctrinam
889 2715 933 2758 S.
956 2715 1177 2757 Thomael
1215 2714 1372 2756 Nostri
1410 2717 1671 2770 sequantur,
1711 2728 1786 2756 ex·
1807 2731 1915 2764 Regula
1936 2732 1960 2755 5.

100 2787 242 2844 ceptis
272 2786 442 2844 pauciS,
476 2801 589 2842 quae
619 2786 726 2828 licet
758 2787 849 2829 sint
881 2791 961 2829 aut
991 2785 1136 2829 videri
1167 2785 1341 2842 possint
1373 2799 1466 2826 esse
1499 2785 1542 2827 S.
1571 2785 1789 2828 Thomae:

102 2858 206 2914 quia
236 2863 389 2900 tamen
421 2857 647 2900 contraria
678 2862 722 2899 et
753 2858 848 2900 sine
887 2858 1087 2915 periculo
1129 2863 1174 2899 et
1206 2856 1340 2900 valde
1382 2855 1678 2913 probabiliter
1722 2855 1794 2897 de-

249 3024 259 3048 ¹
291 3023 381 3063 Hier
411 3021 494 3064 sind
528 3028 623 3065 etwa
649 3027 742 3065 3-4
770 3022 916 3065 Worter
948 3022 1004 3064 bis
1040 3036 1105 3064 zur
1130 3021 1458 3062 Unkenntlic'hkeit
1482 3021 1551 3059 mit
1576 3020 1685 3057 Tinte
1711 3030 1793 3056 aus-

103 3086 323 3130 gestriehen.
