<?xml version="1.0" encoding="UTF-8"?>
<!DOCTYPE html PUBLIC "-//W3C//DTD XHTML 1.0 Transitional//EN"
    "http://www.w3.org/TR/xhtml1/DTD/xhtml1-transitional.dtd">
<html xmlns="http://www.w3.org/1999/xhtml" xml:lang="en" lang="en">
 <head>
  <title>
</title>
<meta http-equiv="Content-Type" content="text/html;charset=utf-8" />
  <meta name='ocr-system' content='tesseract 3.04.00' />
  <meta name='ocr-capabilities' content='ocr_page ocr_carea ocr_par ocr_line ocrx_word'/>
</head>
<body>
  <div class='ocr_page' id='page_1' title='image "./ratiostudiorumet05jesu_0237.png"; bbox 0 0 2148 3402; ppageno 0'>
   <div class='ocr_carea' id='block_1_1' title="bbox 536 171 1746 229">
    <p class='ocr_par' dir='ltr' id='par_1_1' title="bbox 536 171 1746 229">
     <span class='ocr_line' id='line_1_1' title="bbox 536 171 1746 229; baseline -0.006 -2"><span class='ocrx_word' id='word_1_1' title='bbox 536 186 751 229; x_wconf 76' lang='lat' dir='ltr'><strong>Provinciae</strong></span> <span class='ocrx_word' id='word_1_2' title='bbox 779 190 899 228; x_wconf 81' lang='lat' dir='ltr'>Germ.</span> <span class='ocrx_word' id='word_1_3' title='bbox 924 185 969 226; x_wconf 74' lang='lat' dir='ltr'>«le</span> <span class='ocrx_word' id='word_1_4' title='bbox 996 185 1038 228; x_wconf 74' lang='lat' dir='ltr'>R.</span> <span class='ocrx_word' id='word_1_5' title='bbox 1067 193 1112 228; x_wconf 79' lang='lat' dir='ltr'>st.</span> <span class='ocrx_word' id='word_1_6' title='bbox 1142 188 1242 225; x_wconf 74' lang='lat'>1594.</span> <span class='ocrx_word' id='word_1_7' title='bbox 1664 171 1746 221; x_wconf 81' lang='grc'>221</span> 
     </span>
    </p>
   </div>
   <div class='ocr_carea' id='block_1_2' title="bbox 347 309 1568 369">
    <p class='ocr_par' dir='ltr' id='par_1_2' title="bbox 347 309 1568 369">
     <span class='ocr_line' id='line_1_2' title="bbox 347 309 1568 369; baseline -0.003 -16"><span class='ocrx_word' id='word_1_8' title='bbox 347 312 700 369; x_wconf 86' lang='lat' dir='ltr'>(Proposita:)</span> <span class='ocrx_word' id='word_1_9' title='bbox 1227 309 1568 364; x_wconf 73' lang='lat' dir='ltr'>(Responsat)</span> 
     </span>
    </p>
   </div>
   <div class='ocr_carea' id='block_1_3' title="bbox 40 391 1757 878">
    <p class='ocr_par' dir='ltr' id='par_1_3' title="bbox 40 391 1754 683">
     <span class='ocr_line' id='line_1_3' title="bbox 99 391 1754 451; baseline -0.004 -12"><span class='ocrx_word' id='word_1_10' title='bbox 99 399 167 440; x_wconf 92' lang='grc'>21.</span> <span class='ocrx_word' id='word_1_11' title='bbox 202 396 304 438; x_wconf 87' lang='lat' dir='ltr'>Non</span> <span class='ocrx_word' id='word_1_12' title='bbox 321 399 469 451; x_wconf 85' lang='lat' dir='ltr'>potest</span> <span class='ocrx_word' id='word_1_13' title='bbox 485 395 652 436; x_wconf 85' lang='lat' dir='ltr'>servari</span> <span class='ocrx_word' id='word_1_14' title='bbox 670 394 718 435; x_wconf 91' lang='lat' dir='ltr'>in</span> <span class='ocrx_word' id='word_1_15' title='bbox 736 392 999 435; x_wconf 77' lang='lat' dir='ltr'>Germania:</span> <span class='ocrx_word' id='word_1_16' title='bbox 1100 391 1179 432; x_wconf 83' lang='lat' dir='ltr'>Ad</span> <span class='ocrx_word' id='word_1_17' title='bbox 1213 395 1281 435; x_wconf 94' lang='grc'>21.</span> <span class='ocrx_word' id='word_1_18' title='bbox 1316 391 1371 432; x_wconf 82' lang='lat' dir='ltr'>R.</span> <span class='ocrx_word' id='word_1_19' title='bbox 1432 392 1754 433; x_wconf 86' lang='lat' dir='ltr'>Accommoda-</span> 
     </span>
     <span class='ocr_line' id='line_1_4' title="bbox 40 462 1754 519; baseline -0.003 -11"><span class='ocrx_word' id='word_1_20' title='bbox 40 467 175 508; x_wconf 87' lang='lat' dir='ltr'>multi</span> <span class='ocrx_word' id='word_1_21' title='bbox 222 465 341 508; x_wconf 87' lang='lat' dir='ltr'>enim</span> <span class='ocrx_word' id='word_1_22' title='bbox 392 466 584 508; x_wconf 86' lang='lat' dir='ltr'>veniunt</span> <span class='ocrx_word' id='word_1_23' title='bbox 637 480 690 506; x_wconf 85' lang='lat' dir='ltr'>ex</span> <span class='ocrx_word' id='word_1_24' title='bbox 740 463 1003 519; x_wconf 73' lang='lat' dir='ltr'>longinquis</span> <span class='ocrx_word' id='word_1_25' title='bbox 1044 462 1166 503; x_wconf 82' lang='lat' dir='ltr'>bitur</span> <span class='ocrx_word' id='word_1_26' title='bbox 1196 462 1367 517; x_wconf 73' lang='lat' dir='ltr'>regula,</span> <span class='ocrx_word' id='word_1_27' title='bbox 1400 466 1444 503; x_wconf 86' lang='lat' dir='ltr'>et</span> <span class='ocrx_word' id='word_1_28' title='bbox 1473 468 1675 518; x_wconf 84' lang='lat' dir='ltr'>ponetur,</span> <span class='ocrx_word' id='word_1_29' title='bbox 1708 463 1754 503; x_wconf 85' lang='lat' dir='ltr'>id</span> 
     </span>
     <span class='ocr_line' id='line_1_5' title="bbox 40 533 1595 592; baseline -0.002 -14"><span class='ocrx_word' id='word_1_30' title='bbox 40 537 302 591; x_wconf 78' lang='lat' dir='ltr'>regionibus</span> <span class='ocrx_word' id='word_1_31' title='bbox 342 541 387 577; x_wconf 87' lang='lat' dir='ltr'>et</span> <span class='ocrx_word' id='word_1_32' title='bbox 425 551 553 592; x_wconf 86' lang='lat' dir='ltr'>saepe</span> <span class='ocrx_word' id='word_1_33' title='bbox 594 535 852 589; x_wconf 72' lang='lat' dir='ltr'>haereticis,</span> <span class='ocrx_word' id='word_1_34' title='bbox 893 548 1004 589; x_wconf 87' lang='lat' dir='ltr'>quos</span> <span class='ocrx_word' id='word_1_35' title='bbox 1042 533 1139 575; x_wconf 85' lang='lat' dir='ltr'>fieri</span> <span class='ocrx_word' id='word_1_36' title='bbox 1170 548 1298 590; x_wconf 86' lang='lat' dir='ltr'>posse</span> <span class='ocrx_word' id='word_1_37' title='bbox 1332 549 1357 575; x_wconf 87' lang='lat' dir='ltr'>a</span> <span class='ocrx_word' id='word_1_38' title='bbox 1390 534 1595 575; x_wconf 82' lang='lat' dir='ltr'>Rectore.</span> 
     </span>
     <span class='ocr_line' id='line_1_6' title="bbox 40 593 1026 683; baseline -0.003 -34"><span class='ocrx_word' id='word_1_39' title='bbox 40 622 131 649; x_wconf 87' lang='lat' dir='ltr'>non</span> <span class='ocrx_word' id='word_1_40' title='bbox 163 606 345 664; x_wconf 82' lang='lat' dir='ltr'>expedit</span> <span class='ocrx_word' id='word_1_41' title='bbox 375 606 569 662; x_wconf 81' lang='lat' dir='ltr'>rejicere.</span> <span class='ocrx_word' id='word_1_42' title='bbox 1023 593 1026 683; x_wconf 50' lang='lat' dir='ltr'><em>J</em></span> 
     </span>
    </p>

    <p class='ocr_par' dir='ltr' id='par_1_4' title="bbox 43 675 1757 878">
     <span class='ocr_line' id='line_1_7' title="bbox 102 675 1756 743; baseline -0.004 -21"><span class='ocrx_word' id='word_1_43' title='bbox 102 680 173 722; x_wconf 84' lang='lat'>35.</span> <span class='ocrx_word' id='word_1_44' title='bbox 209 678 323 719; x_wconf 83' lang='lat' dir='ltr'>Cum</span> <span class='ocrx_word' id='word_1_45' title='bbox 374 678 678 734; x_wconf 84' lang='lat' dir='ltr'>praemiorum</span> <span class='ocrx_word' id='word_1_46' title='bbox 741 675 1026 743; x_wconf 61' lang='lat' dir='ltr'>distributiog</span> <span class='ocrx_word' id='word_1_47' title='bbox 1104 676 1183 717; x_wconf 90' lang='lat' dir='ltr'>Ad</span> <span class='ocrx_word' id='word_1_48' title='bbox 1218 678 1287 720; x_wconf 84' lang='lat'>35.</span> <span class='ocrx_word' id='word_1_49' title='bbox 1321 676 1377 720; x_wconf 82' lang='lat' dir='ltr'>R.</span> <span class='ocrx_word' id='word_1_50' title='bbox 1430 676 1483 718; x_wconf 83' lang='lat' dir='ltr'>Id</span> <span class='ocrx_word' id='word_1_51' title='bbox 1516 675 1671 717; x_wconf 79' lang='lat' dir='ltr'>multis</span> <span class='ocrx_word' id='word_1_52' title='bbox 1687 690 1756 717; x_wconf 85' lang='lat' dir='ltr'>ra-</span> 
     </span>
     <span class='ocr_line' id='line_1_8' title="bbox 43 745 1757 809; baseline -0.002 -18"><span class='ocrx_word' id='word_1_53' title='bbox 43 750 133 805; x_wconf 79' lang='lat' dir='ltr'>]&#39;am</span> <span class='ocrx_word' id='word_1_54' title='bbox 168 748 215 790; x_wconf 89' lang='lat' dir='ltr'>in</span> <span class='ocrx_word' id='word_1_55' title='bbox 250 748 493 790; x_wconf 73' lang='lat' dir='ltr'>Germania</span> <span class='ocrx_word' id='word_1_56' title='bbox 537 763 628 790; x_wconf 90' lang='lat' dir='ltr'>non</span> <span class='ocrx_word' id='word_1_57' title='bbox 668 747 810 804; x_wconf 80' lang='lat' dir='ltr'>possit</span> <span class='ocrx_word' id='word_1_58' title='bbox 842 745 1246 809; x_wconf 55' lang='lat' dir='ltr'>0n1itti,}tio11ibus</span> <span class='ocrx_word' id='word_1_59' title='bbox 1305 746 1401 788; x_wconf 86' lang='lat' dir='ltr'>fieri</span> <span class='ocrx_word' id='word_1_60' title='bbox 1451 761 1544 788; x_wconf 89' lang='lat' dir='ltr'>non</span> <span class='ocrx_word' id='word_1_61' title='bbox 1596 751 1757 803; x_wconf 89' lang='lat' dir='ltr'>potest,</span> 
     </span>
     <span class='ocr_line' id='line_1_9' title="bbox 43 814 1756 878; baseline -0.001 -17"><span class='ocrx_word' id='word_1_62' title='bbox 43 820 228 878; x_wconf 88' lang='lat' dir='ltr'>petitur,</span> <span class='ocrx_word' id='word_1_63' title='bbox 260 824 313 861; x_wconf 86' lang='lat' dir='ltr'>ut</span> <span class='ocrx_word' id='word_1_64' title='bbox 337 820 592 876; x_wconf 87' lang='lat' dir='ltr'>sumptibus</span> <span class='ocrx_word' id='word_1_65' title='bbox 616 819 809 874; x_wconf 83' lang='lat' dir='ltr'>Collegii</span> <span class='ocrx_word' id='word_1_66' title='bbox 841 834 892 860; x_wconf 84' lang='lat' dir='ltr'>ea</span> <span class='ocrx_word' id='word_1_67' title='bbox 913 819 1006 873; x_wconf 83' lang='lat' dir='ltr'>fiat,</span> <span class='ocrx_word' id='word_1_68' title='bbox 1025 814 1027 875; x_wconf 64' lang='grc'><strong>1</strong></span> <span class='ocrx_word' id='word_1_69' title='bbox 1045 832 1166 860; x_wconf 85' lang='lat' dir='ltr'>nova</span> <span class='ocrx_word' id='word_1_70' title='bbox 1182 818 1448 874; x_wconf 86' lang='lat' dir='ltr'>praesertim</span> <span class='ocrx_word' id='word_1_71' title='bbox 1473 818 1756 859; x_wconf 80' lang='lat' dir='ltr'>Sanctissimi</span> 
     </span>
    </p>
   </div>
   <div class='ocr_carea' id='block_1_4' title="bbox 45 889 1761 1160">
    <p class='ocr_par' dir='ltr' id='par_1_5' title="bbox 45 889 1761 1160">
     <span class='ocr_line' id='line_1_10' title="bbox 45 889 1758 947; baseline -0.002 -14"><span class='ocrx_word' id='word_1_72' title='bbox 45 890 226 947; x_wconf 86' lang='lat' dir='ltr'>quando</span> <span class='ocrx_word' id='word_1_73' title='bbox 258 891 441 932; x_wconf 83' lang='lat' dir='ltr'>aliunde</span> <span class='ocrx_word' id='word_1_74' title='bbox 480 890 635 932; x_wconf 82' lang='lat' dir='ltr'>haberi</span> <span class='ocrx_word' id='word_1_75' title='bbox 674 904 764 931; x_wconf 87' lang='lat' dir='ltr'>non</span> <span class='ocrx_word' id='word_1_76' title='bbox 803 894 1006 945; x_wconf 82' lang='lat' dir='ltr'>possunt.</span> <span class='ocrx_word' id='word_1_77' title='bbox 1046 889 1384 931; x_wconf 87' lang='lat' dir='ltr'>constitutione.</span> <span class='ocrx_word' id='word_1_78' title='bbox 1478 889 1758 946; x_wconf 82' lang='lat' dir='ltr'>Sperandum</span> 
     </span>
     <span class='ocr_line' id='line_1_11' title="bbox 1045 960 1760 1016; baseline -0.001 -14"><span class='ocrx_word' id='word_1_79' title='bbox 1045 964 1214 1016; x_wconf 87' lang='lat' dir='ltr'>tamen,</span> <span class='ocrx_word' id='word_1_80' title='bbox 1252 975 1485 1016; x_wconf 87' lang='lat' dir='ltr'>nunquam</span> <span class='ocrx_word' id='word_1_81' title='bbox 1525 960 1760 1003; x_wconf 85' lang='lat' dir='ltr'>defuturos</span> 
     </span>
     <span class='ocr_line' id='line_1_12' title="bbox 1046 1031 1759 1087; baseline -0.001 -14"><span class='ocrx_word' id='word_1_82' title='bbox 1046 1031 1282 1073; x_wconf 88' lang='lat' dir='ltr'>Praelatos</span> <span class='ocrx_word' id='word_1_83' title='bbox 1304 1035 1349 1073; x_wconf 86' lang='lat' dir='ltr'>et</span> <span class='ocrx_word' id='word_1_84' title='bbox 1363 1032 1661 1086; x_wconf 73' lang='lat' dir='ltr'>Maecenates,</span> <span class='ocrx_word' id='word_1_85' title='bbox 1682 1032 1759 1087; x_wconf 91' lang='lat' dir='ltr'>qui</span> 
     </span>
     <span class='ocr_line' id='line_1_13' title="bbox 1046 1102 1761 1160; baseline 0.001 -16"><span class='ocrx_word' id='word_1_86' title='bbox 1046 1102 1104 1144; x_wconf 87' lang='lat' dir='ltr'>ad</span> <span class='ocrx_word' id='word_1_87' title='bbox 1126 1103 1275 1160; x_wconf 86' lang='lat' dir='ltr'>ipsum</span> <span class='ocrx_word' id='word_1_88' title='bbox 1298 1103 1619 1160; x_wconf 85' lang='lat' dir='ltr'>praestandum</span> <span class='ocrx_word' id='word_1_89' title='bbox 1642 1118 1761 1145; x_wconf 87' lang='lat' dir='ltr'>sum-</span> 
     </span>
    </p>
   </div>
   <div class='ocr_carea' id='block_1_5' title="bbox 107 1174 1762 1302">
    <p class='ocr_par' dir='ltr' id='par_1_6' title="bbox 107 1174 1762 1302">
     <span class='ocr_line' id='line_1_14' title="bbox 1046 1174 1753 1230; baseline 0.001 -15"><span class='ocrx_word' id='word_1_90' title='bbox 1046 1177 1176 1230; x_wconf 90' lang='lat' dir='ltr'>ptum</span> <span class='ocrx_word' id='word_1_91' title='bbox 1207 1174 1453 1216; x_wconf 70' lang='lat' dir='ltr'>liberaliter</span> <span class='ocrx_word' id='word_1_92' title='bbox 1482 1175 1753 1230; x_wconf 69' lang='lat' dir='ltr'>largiantur.</span> 
     </span>
     <span class='ocr_line' id='line_1_15' title="bbox 107 1245 1762 1302; baseline -0.002 -12"><span class='ocrx_word' id='word_1_93' title='bbox 107 1250 177 1291; x_wconf 79' lang='lat'>35.</span> <span class='ocrx_word' id='word_1_94' title='bbox 210 1247 357 1302; x_wconf 86' lang='lat' dir='ltr'>(Item)</span> <span class='ocrx_word' id='word_1_95' title='bbox 390 1246 582 1300; x_wconf 87' lang='lat' dir='ltr'>Petitur,</span> <span class='ocrx_word' id='word_1_96' title='bbox 614 1249 667 1288; x_wconf 89' lang='lat' dir='ltr'>ut</span> <span class='ocrx_word' id='word_1_97' title='bbox 698 1260 794 1287; x_wconf 85' lang='lat' dir='ltr'>mos</span> <span class='ocrx_word' id='word_1_98' title='bbox 825 1245 874 1287; x_wconf 87' lang='lat' dir='ltr'>in</span> <span class='ocrx_word' id='word_1_99' title='bbox 901 1245 1011 1286; x_wconf 73' lang='lat' dir='ltr'>Ger·</span> <span class='ocrx_word' id='word_1_100' title='bbox 1096 1245 1178 1287; x_wconf 86' lang='lat' dir='ltr'>Ad</span> <span class='ocrx_word' id='word_1_101' title='bbox 1211 1249 1282 1289; x_wconf 79' lang='lat'>35.</span> <span class='ocrx_word' id='word_1_102' title='bbox 1316 1247 1371 1288; x_wconf 80' lang='lat' dir='ltr'>R.</span> <span class='ocrx_word' id='word_1_103' title='bbox 1425 1246 1683 1288; x_wconf 82' lang='lat' dir='ltr'>Retinenda</span> <span class='ocrx_word' id='word_1_104' title='bbox 1716 1250 1762 1287; x_wconf 87' lang='lat' dir='ltr'>et</span> 
     </span>
    </p>
   </div>
   <div class='ocr_carea' id='block_1_6' title="bbox 47 1317 1765 1644">
    <p class='ocr_par' dir='ltr' id='par_1_7' title="bbox 48 1317 1765 1589">
     <span class='ocr_line' id='line_1_16' title="bbox 48 1317 1761 1373; baseline -0.001 -13"><span class='ocrx_word' id='word_1_105' title='bbox 48 1319 203 1360; x_wconf 82' lang='lat' dir='ltr'>mania</span> <span class='ocrx_word' id='word_1_106' title='bbox 235 1322 474 1359; x_wconf 88' lang='lat' dir='ltr'>consuetus</span> <span class='ocrx_word' id='word_1_107' title='bbox 505 1318 770 1371; x_wconf 67' lang='lat' dir='ltr'>retineatur,</span> <span class='ocrx_word' id='word_1_108' title='bbox 801 1321 854 1359; x_wconf 89' lang='lat' dir='ltr'>ut</span> <span class='ocrx_word' id='word_1_109' title='bbox 884 1331 1010 1372; x_wconf 85' lang='lat' dir='ltr'>prae—</span> <span class='ocrx_word' id='word_1_110' title='bbox 1049 1317 1270 1360; x_wconf 85' lang='lat' dir='ltr'>servanda</span> <span class='ocrx_word' id='word_1_111' title='bbox 1284 1323 1351 1359; x_wconf 85' lang='lat' dir='ltr'>est</span> <span class='ocrx_word' id='word_1_112' title='bbox 1366 1318 1537 1373; x_wconf 84' lang='lat' dir='ltr'>regula.</span> <span class='ocrx_word' id='word_1_113' title='bbox 1561 1317 1609 1359; x_wconf 85' lang='lat' dir='ltr'>id</span> <span class='ocrx_word' id='word_1_114' title='bbox 1627 1317 1761 1371; x_wconf 89' lang='lat' dir='ltr'>enim,</span> 
     </span>
     <span class='ocr_line' id='line_1_17' title="bbox 50 1387 1765 1446; baseline -0.001 -15"><span class='ocrx_word' id='word_1_115' title='bbox 50 1390 178 1446; x_wconf 80' lang='lat' dir='ltr'>cipue</span> <span class='ocrx_word' id='word_1_116' title='bbox 195 1388 375 1444; x_wconf 86' lang='lat' dir='ltr'>quidem</span> <span class='ocrx_word' id='word_1_117' title='bbox 393 1388 508 1430; x_wconf 84' lang='lat' dir='ltr'>ratio</span> <span class='ocrx_word' id='word_1_118' title='bbox 526 1387 863 1445; x_wconf 81' lang='lat' dir='ltr'>compositionis</span> <span class='ocrx_word' id='word_1_119' title='bbox 877 1387 1013 1428; x_wconf 87' lang='lat' dir='ltr'>habe·</span> <span class='ocrx_word' id='word_1_120' title='bbox 1051 1389 1171 1444; x_wconf 87' lang='lat' dir='ltr'>quod</span> <span class='ocrx_word' id='word_1_121' title='bbox 1223 1388 1415 1445; x_wconf 87' lang='lat' dir='ltr'>petitur,</span> <span class='ocrx_word' id='word_1_122' title='bbox 1475 1393 1542 1430; x_wconf 84' lang='lat' dir='ltr'>est</span> <span class='ocrx_word' id='word_1_123' title='bbox 1587 1392 1765 1445; x_wconf 85' lang='lat' dir='ltr'>praeter</span> 
     </span>
     <span class='ocr_line' id='line_1_18' title="bbox 52 1458 1572 1516; baseline 0 -14"><span class='ocrx_word' id='word_1_124' title='bbox 52 1465 156 1502; x_wconf 83' lang='lat' dir='ltr'>atur</span> <span class='ocrx_word' id='word_1_125' title='bbox 187 1461 236 1502; x_wconf 88' lang='lat' dir='ltr'>in</span> <span class='ocrx_word' id='word_1_126' title='bbox 264 1459 335 1514; x_wconf 87' lang='lat' dir='ltr'>iis,</span> <span class='ocrx_word' id='word_1_127' title='bbox 369 1460 446 1515; x_wconf 89' lang='lat' dir='ltr'>qui</span> <span class='ocrx_word' id='word_1_128' title='bbox 467 1459 666 1516; x_wconf 86' lang='lat' dir='ltr'>praemia</span> <span class='ocrx_word' id='word_1_129' title='bbox 687 1458 903 1512; x_wconf 82' lang='lat' dir='ltr'>referunt,</span> <span class='ocrx_word' id='word_1_130' title='bbox 936 1459 1012 1500; x_wconf 86' lang='lat' dir='ltr'>sed</span> <span class='ocrx_word' id='word_1_131' title='bbox 1053 1474 1223 1501; x_wconf 86' lang='lat' dir='ltr'>morem</span> <span class='ocrx_word' id='word_1_132' title='bbox 1254 1461 1572 1516; x_wconf 86' lang='lat' dir='ltr'>praemiorum.</span> 
     </span>
     <span class='ocr_line' id='line_1_19' title="bbox 49 1529 1013 1589; baseline -0.002 -16"><span class='ocrx_word' id='word_1_133' title='bbox 49 1536 279 1589; x_wconf 86' lang='lat' dir='ltr'>praeterea</span> <span class='ocrx_word' id='word_1_134' title='bbox 301 1545 477 1586; x_wconf 89' lang='lat' dir='ltr'>quoque</span> <span class='ocrx_word' id='word_1_135' title='bbox 499 1529 763 1585; x_wconf 82' lang='lat' dir='ltr'>diligentiae</span> <span class='ocrx_word' id='word_1_136' title='bbox 786 1534 1013 1571; x_wconf 88' lang='lat' dir='ltr'>concerta-</span> 
     </span>
    </p>

    <p class='ocr_par' dir='ltr' id='par_1_8' title="bbox 47 1602 241 1644">
     <span class='ocr_line' id='line_1_20' title="bbox 47 1602 241 1644; baseline 0 0"><span class='ocrx_word' id='word_1_137' title='bbox 47 1602 241 1644; x_wconf 88' lang='lat' dir='ltr'>tionum.</span> 
     </span>
    </p>
   </div>
   <div class='ocr_carea' id='block_1_7' title="bbox 49 1709 1008 1775">
    <p class='ocr_par' dir='ltr' id='par_1_9' title="bbox 49 1709 1008 1775">
     <span class='ocr_line' id='line_1_21' title="bbox 49 1709 1008 1775; baseline -0.002 -15"><span class='ocrx_word' id='word_1_138' title='bbox 49 1711 103 1760; x_wconf 91' lang='lat' dir='ltr'>In</span> <span class='ocrx_word' id='word_1_139' title='bbox 143 1711 355 1774; x_wconf 84' lang='lat' dir='ltr'>Regulas</span> <span class='ocrx_word' id='word_1_140' title='bbox 382 1710 684 1760; x_wconf 86' lang='lat' dir='ltr'>Professoris</span> <span class='ocrx_word' id='word_1_141' title='bbox 712 1709 1008 1775; x_wconf 84' lang='lat' dir='ltr'>Scripturae.</span> 
     </span>
    </p>
   </div>
   <div class='ocr_carea' id='block_1_8' title="bbox 51 1803 1766 1990">
    <p class='ocr_par' dir='ltr' id='par_1_10' title="bbox 51 1803 1766 1990">
     <span class='ocr_line' id='line_1_22' title="bbox 109 1803 1766 1862; baseline -0.001 -14"><span class='ocrx_word' id='word_1_142' title='bbox 109 1806 179 1848; x_wconf 85' lang='grc'><strong>23.</strong></span> <span class='ocrx_word' id='word_1_143' title='bbox 212 1803 447 1860; x_wconf 83' lang='lat' dir='ltr'>Repetitio</span> <span class='ocrx_word' id='word_1_144' title='bbox 478 1803 724 1846; x_wconf 85' lang='lat' dir='ltr'>domestica</span> <span class='ocrx_word' id='word_1_145' title='bbox 756 1803 1013 1862; x_wconf 84' lang='lat' dir='ltr'>Soripturae</span> <span class='ocrx_word' id='word_1_146' title='bbox 1110 1805 1192 1847; x_wconf 84' lang='lat' dir='ltr'>Ad</span> <span class='ocrx_word' id='word_1_147' title='bbox 1235 1807 1303 1849; x_wconf 80' lang='lat'>23.</span> <span class='ocrx_word' id='word_1_148' title='bbox 1343 1805 1398 1847; x_wconf 84' lang='lat' dir='ltr'>R.</span> <span class='ocrx_word' id='word_1_149' title='bbox 1470 1806 1583 1847; x_wconf 83' lang='lat' dir='ltr'>Cum</span> <span class='ocrx_word' id='word_1_150' title='bbox 1628 1805 1766 1848; x_wconf 87' lang='lat' dir='ltr'>semel</span> 
     </span>
     <span class='ocr_line' id='line_1_23' title="bbox 51 1874 1766 1930; baseline 0.001 -14"><span class='ocrx_word' id='word_1_151' title='bbox 51 1874 253 1917; x_wconf 86' lang='lat' dir='ltr'>tollenda</span> <span class='ocrx_word' id='word_1_152' title='bbox 283 1874 477 1918; x_wconf 87' lang='lat' dir='ltr'>videtur.</span> <span class='ocrx_word' id='word_1_153' title='bbox 1050 1876 1099 1918; x_wconf 91' lang='lat' dir='ltr'>in</span> <span class='ocrx_word' id='word_1_154' title='bbox 1142 1876 1427 1918; x_wconf 85' lang='lat' dir='ltr'>hebdomada</span> <span class='ocrx_word' id='word_1_155' title='bbox 1459 1881 1641 1919; x_wconf 90' lang='lat' dir='ltr'>tantum</span> <span class='ocrx_word' id='word_1_156' title='bbox 1671 1877 1766 1930; x_wconf 87' lang='lat' dir='ltr'>fiat,</span> 
     </span>
     <span class='ocr_line' id='line_1_24' title="bbox 1051 1947 1602 1990; baseline 0.002 -1"><span class='ocrx_word' id='word_1_157' title='bbox 1051 1961 1144 1990; x_wconf 90' lang='lat' dir='ltr'>non</span> <span class='ocrx_word' id='word_1_158' title='bbox 1175 1947 1357 1990; x_wconf 87' lang='lat' dir='ltr'>videtur</span> <span class='ocrx_word' id='word_1_159' title='bbox 1386 1948 1602 1990; x_wconf 86' lang='lat' dir='ltr'>tollenda.</span> 
     </span>
    </p>
   </div>
   <div class='ocr_carea' id='block_1_9' title="bbox 52 1982 1767 2136">
    <p class='ocr_par' dir='ltr' id='par_1_11' title="bbox 52 1982 1767 2136">
     <span class='ocr_line' id='line_1_25' title="bbox 52 1982 1010 2047; baseline 0 -16"><span class='ocrx_word' id='word_1_160' title='bbox 52 1983 106 2031; x_wconf 88' lang='lat' dir='ltr'>In</span> <span class='ocrx_word' id='word_1_161' title='bbox 124 1983 335 2047; x_wconf 83' lang='lat' dir='ltr'>Regulas</span> <span class='ocrx_word' id='word_1_162' title='bbox 345 1983 474 2032; x_wconf 90' lang='lat' dir='ltr'>Prof.</span> <span class='ocrx_word' id='word_1_163' title='bbox 490 1983 821 2033; x_wconf 83' lang='lat' dir='ltr'>Scholasticae</span> <span class='ocrx_word' id='word_1_164' title='bbox 841 1982 1010 2033; x_wconf 88' lang='lat' dir='ltr'>Theol.</span> 
     </span>
     <span class='ocr_line' id='line_1_26' title="bbox 112 2076 1767 2136; baseline 0.001 -16"><span class='ocrx_word' id='word_1_165' title='bbox 112 2079 181 2120; x_wconf 82' lang='lat'>26.</span> <span class='ocrx_word' id='word_1_166' title='bbox 215 2079 285 2121; x_wconf 90' lang='grc'><strong>27.</strong></span> <span class='ocrx_word' id='word_1_167' title='bbox 333 2076 614 2127; x_wconf 83' lang='lat' dir='ltr'>Quibusdam</span> <span class='ocrx_word' id='word_1_168' title='bbox 636 2077 785 2120; x_wconf 86' lang='lat' dir='ltr'>visum</span> <span class='ocrx_word' id='word_1_169' title='bbox 807 2081 890 2131; x_wconf 89' lang='lat' dir='ltr'>est,</span> <span class='ocrx_word' id='word_1_170' title='bbox 912 2082 1014 2133; x_wconf 86' lang='lat' dir='ltr'>post</span> <span class='ocrx_word' id='word_1_171' title='bbox 1112 2079 1193 2122; x_wconf 83' lang='lat' dir='ltr'>Ad</span> <span class='ocrx_word' id='word_1_172' title='bbox 1225 2082 1294 2124; x_wconf 88' lang='grc'><strong>26.</strong></span> <span class='ocrx_word' id='word_1_173' title='bbox 1324 2080 1379 2121; x_wconf 82' lang='lat' dir='ltr'>R.</span> <span class='ocrx_word' id='word_1_174' title='bbox 1427 2079 1630 2122; x_wconf 80' lang='lat' dir='ltr'>Tolletur</span> <span class='ocrx_word' id='word_1_175' title='bbox 1645 2079 1767 2136; x_wconf 84' lang='lat' dir='ltr'>quod</span> 
     </span>
    </p>
   </div>
   <div class='ocr_carea' id='block_1_10' title="bbox 52 2137 1773 2632">
    <p class='ocr_par' dir='ltr' id='par_1_12' title="bbox 52 2137 1769 2422">
     <span class='ocr_line' id='line_1_27' title="bbox 52 2137 1765 2207; baseline 0.002 -19"><span class='ocrx_word' id='word_1_176' title='bbox 52 2146 292 2189; x_wconf 85' lang='lat' dir='ltr'>lectionem</span> <span class='ocrx_word' id='word_1_177' title='bbox 309 2148 358 2190; x_wconf 91' lang='lat' dir='ltr'>in</span> <span class='ocrx_word' id='word_1_178' title='bbox 369 2137 534 2190; x_wconf 83' lang='lat' dir='ltr'>scholis</span> <span class='ocrx_word' id='word_1_179' title='bbox 547 2162 640 2190; x_wconf 87' lang='lat' dir='ltr'>non</span> <span class='ocrx_word' id='word_1_180' title='bbox 650 2148 1016 2205; x_wconf 87' lang='lat' dir='ltr'>esserepetendas</span> <span class='ocrx_word' id='word_1_181' title='bbox 1054 2151 1375 2207; x_wconf 84' lang='lat' dir='ltr'>praescribitur</span> <span class='ocrx_word' id='word_1_182' title='bbox 1404 2151 1459 2193; x_wconf 84' lang='lat' dir='ltr'>de</span> <span class='ocrx_word' id='word_1_183' title='bbox 1481 2151 1765 2207; x_wconf 76' lang='lat' dir='ltr'>interrogan-</span> 
     </span>
     <span class='ocr_line' id='line_1_28' title="bbox 53 2218 1767 2278; baseline 0.002 -19"><span class='ocrx_word' id='word_1_184' title='bbox 53 2218 268 2260; x_wconf 88' lang='lat' dir='ltr'>lectiones</span> <span class='ocrx_word' id='word_1_185' title='bbox 324 2220 382 2261; x_wconf 92' lang='lat' dir='ltr'>ob</span> <span class='ocrx_word' id='word_1_186' title='bbox 423 2219 657 2275; x_wconf 83' lang='lat' dir='ltr'>angustias</span> <span class='ocrx_word' id='word_1_187' title='bbox 701 2220 916 2277; x_wconf 87' lang='lat' dir='ltr'>temporis</span> <span class='ocrx_word' id='word_1_188' title='bbox 973 2224 1018 2261; x_wconf 87' lang='lat' dir='ltr'>et</span> <span class='ocrx_word' id='word_1_189' title='bbox 1056 2222 1124 2263; x_wconf 82' lang='lat' dir='ltr'>dis</span> <span class='ocrx_word' id='word_1_190' title='bbox 1141 2221 1453 2265; x_wconf 74' lang='lat' dir='ltr'>Auditoribus</span> <span class='ocrx_word' id='word_1_191' title='bbox 1493 2223 1767 2278; x_wconf 81' lang='lat' dir='ltr'><strong>(Ad27.R.)</strong></span> 
     </span>
     <span class='ocr_line' id='line_1_29' title="bbox 55 2288 1767 2351; baseline 0.004 -21"><span class='ocrx_word' id='word_1_192' title='bbox 55 2288 156 2330; x_wconf 85' lang='lat' dir='ltr'>aliis</span> <span class='ocrx_word' id='word_1_193' title='bbox 188 2289 242 2331; x_wconf 87' lang='lat' dir='ltr'>de</span> <span class='ocrx_word' id='word_1_194' title='bbox 273 2291 432 2332; x_wconf 87' lang='lat' dir='ltr'>causis.</span> <span class='ocrx_word' id='word_1_195' title='bbox 1056 2293 1372 2351; x_wconf 84' lang='lat' dir='ltr'>Repetitiones</span> <span class='ocrx_word' id='word_1_196' title='bbox 1387 2294 1676 2337; x_wconf 86' lang='lat' dir='ltr'>omninofieri</span> <span class='ocrx_word' id='word_1_197' title='bbox 1692 2294 1767 2336; x_wconf 87' lang='lat' dir='ltr'>de-</span> 
     </span>
     <span class='ocr_line' id='line_1_30' title="bbox 1055 2364 1769 2422; baseline 0 -15"><span class='ocrx_word' id='word_1_198' title='bbox 1055 2364 1186 2420; x_wconf 86' lang='lat' dir='ltr'>bent,</span> <span class='ocrx_word' id='word_1_199' title='bbox 1218 2365 1379 2407; x_wconf 85' lang='lat' dir='ltr'>saltem</span> <span class='ocrx_word' id='word_1_200' title='bbox 1425 2380 1505 2422; x_wconf 89' lang='lat' dir='ltr'>per</span> <span class='ocrx_word' id='word_1_201' title='bbox 1543 2366 1769 2422; x_wconf 87' lang='lat' dir='ltr'>quadran-</span> 
     </span>
    </p>

    <p class='ocr_par' dir='ltr' id='par_1_13' title="bbox 60 2436 1773 2632">
     <span class='ocr_line' id='line_1_31' title="bbox 1055 2436 1547 2490; baseline 0.002 -13"><span class='ocrx_word' id='word_1_202' title='bbox 1055 2440 1161 2490; x_wconf 89' lang='lat' dir='ltr'>tem,</span> <span class='ocrx_word' id='word_1_203' title='bbox 1192 2440 1245 2478; x_wconf 93' lang='lat' dir='ltr'>ut</span> <span class='ocrx_word' id='word_1_204' title='bbox 1276 2437 1449 2478; x_wconf 85' lang='lat' dir='ltr'>Romae</span> <span class='ocrx_word' id='word_1_205' title='bbox 1479 2436 1547 2479; x_wconf 91' lang='lat' dir='ltr'>fit.</span> 
     </span>
     <span class='ocr_line' id='line_1_32' title="bbox 116 2502 1768 2565; baseline 0.002 -19"><span class='ocrx_word' id='word_1_206' title='bbox 116 2505 186 2546; x_wconf 85' lang='lat'>56.</span> <span class='ocrx_word' id='word_1_207' title='bbox 218 2502 397 2545; x_wconf 87' lang='lat' dir='ltr'>Petitur</span> <span class='ocrx_word' id='word_1_208' title='bbox 429 2503 703 2560; x_wconf 86' lang='lat' dir='ltr'>dispensatio</span> <span class='ocrx_word' id='word_1_209' title='bbox 743 2507 873 2562; x_wconf 81' lang='lat' dir='ltr'>(quae</span> <span class='ocrx_word' id='word_1_210' title='bbox 911 2507 1018 2548; x_wconf 91' lang='lat' dir='ltr'>olim</span> <span class='ocrx_word' id='word_1_211' title='bbox 1116 2507 1198 2548; x_wconf 82' lang='lat' dir='ltr'>Ad</span> <span class='ocrx_word' id='word_1_212' title='bbox 1230 2509 1301 2551; x_wconf 87' lang='grc'><strong>56.</strong></span> <span class='ocrx_word' id='word_1_213' title='bbox 1334 2508 1390 2550; x_wconf 83' lang='lat' dir='ltr'>R.</span> <span class='ocrx_word' id='word_1_214' title='bbox 1454 2509 1585 2550; x_wconf 81' lang='lat' dir='ltr'>Circa</span> <span class='ocrx_word' id='word_1_215' title='bbox 1616 2507 1768 2565; x_wconf 84' lang='lat' dir='ltr'>hujus-</span> 
     </span>
     <span class='ocr_line' id='line_1_33' title="bbox 60 2574 1773 2632; baseline 0.004 -18"><span class='ocrx_word' id='word_1_216' title='bbox 60 2587 267 2615; x_wconf 87' lang='lat' dir='ltr'>concessa</span> <span class='ocrx_word' id='word_1_217' title='bbox 282 2574 403 2631; x_wconf 82' lang='lat' dir='ltr'>fuit),</span> <span class='ocrx_word' id='word_1_218' title='bbox 423 2580 475 2617; x_wconf 89' lang='lat' dir='ltr'>ut</span> <span class='ocrx_word' id='word_1_219' title='bbox 496 2576 740 2632; x_wconf 88' lang='lat' dir='ltr'>aliquando</span> <span class='ocrx_word' id='word_1_220' title='bbox 762 2578 908 2619; x_wconf 88' lang='lat' dir='ltr'>theses</span> <span class='ocrx_word' id='word_1_221' title='bbox 925 2578 1021 2619; x_wconf 89' lang='lat' dir='ltr'>lon·</span> <span class='ocrx_word' id='word_1_222' title='bbox 1060 2579 1183 2620; x_wconf 87' lang='lat' dir='ltr'>modi</span> <span class='ocrx_word' id='word_1_223' title='bbox 1216 2578 1394 2620; x_wconf 86' lang='lat' dir='ltr'>libellos</span> <span class='ocrx_word' id='word_1_224' title='bbox 1425 2583 1613 2621; x_wconf 84' lang='lat' dir='ltr'>utantur</span> <span class='ocrx_word' id='word_1_225' title='bbox 1635 2580 1773 2622; x_wconf 88' lang='lat' dir='ltr'>licen-</span> 
     </span>
    </p>
   </div>
   <div class='ocr_carea' id='block_1_11' title="bbox 60 2644 1525 2759">
    <p class='ocr_par' dir='ltr' id='par_1_14' title="bbox 60 2644 1525 2759">
     <span class='ocr_line' id='line_1_34' title="bbox 60 2644 1525 2706; baseline 0.007 -23"><span class='ocrx_word' id='word_1_226' title='bbox 60 2644 206 2699; x_wconf 86' lang='lat' dir='ltr'>giores</span> <span class='ocrx_word' id='word_1_227' title='bbox 238 2644 287 2685; x_wconf 90' lang='lat' dir='ltr'>in</span> <span class='ocrx_word' id='word_1_228' title='bbox 325 2645 471 2689; x_wconf 85' lang='lat' dir='ltr'>forma</span> <span class='ocrx_word' id='word_1_229' title='bbox 507 2646 653 2690; x_wconf 86' lang='lat' dir='ltr'>libelli</span> <span class='ocrx_word' id='word_1_230' title='bbox 685 2653 841 2691; x_wconf 88' lang='lat' dir='ltr'>contra</span> <span class='ocrx_word' id='word_1_231' title='bbox 872 2648 1022 2692; x_wconf 87' lang='lat' dir='ltr'>haere-</span> <span class='ocrx_word' id='word_1_232' title='bbox 1061 2650 1142 2704; x_wconf 89' lang='lat' dir='ltr'>tia,</span> <span class='ocrx_word' id='word_1_233' title='bbox 1174 2664 1310 2706; x_wconf 88' lang='lat' dir='ltr'>quam</span> <span class='ocrx_word' id='word_1_234' title='bbox 1343 2650 1525 2693; x_wconf 86' lang='lat' dir='ltr'>habent.</span> 
     </span>
     <span class='ocr_line' id='line_1_35' title="bbox 61 2714 414 2759; baseline 0.011 -4"><span class='ocrx_word' id='word_1_235' title='bbox 61 2714 177 2757; x_wconf 87' lang='lat' dir='ltr'>ticos</span> <span class='ocrx_word' id='word_1_236' title='bbox 208 2715 414 2759; x_wconf 86' lang='lat' dir='ltr'>edantur.</span> 
     </span>
    </p>
   </div>
   <div class='ocr_carea' id='block_1_12' title="bbox 114 2799 970 2863">
    <p class='ocr_par' dir='ltr' id='par_1_15' title="bbox 114 2799 970 2863">
     <span class='ocr_line' id='line_1_36' title="bbox 114 2799 970 2863; baseline 0.011 -17"><span class='ocrx_word' id='word_1_237' title='bbox 114 2799 167 2847; x_wconf 90' lang='lat' dir='ltr'>In</span> <span class='ocrx_word' id='word_1_238' title='bbox 196 2799 408 2863; x_wconf 83' lang='lat' dir='ltr'>Regulas</span> <span class='ocrx_word' id='word_1_239' title='bbox 436 2802 629 2852; x_wconf 83' lang='lat' dir='ltr'>Tertiae</span> <span class='ocrx_word' id='word_1_240' title='bbox 657 2805 726 2854; x_wconf 88' lang='lat' dir='ltr'>Cl.</span> <span class='ocrx_word' id='word_1_241' title='bbox 758 2805 970 2855; x_wconf 86' lang='lat' dir='ltr'>Gramm.</span> 
     </span>
    </p>
   </div>
   <div class='ocr_carea' id='block_1_13' title="bbox 122 2883 1772 2939">
    <p class='ocr_par' dir='ltr' id='par_1_16' title="bbox 122 2883 1772 2939">
     <span class='ocr_line' id='line_1_37' title="bbox 122 2883 1772 2939; baseline 0.004 -15"><span class='ocrx_word' id='word_1_242' title='bbox 122 2883 190 2925; x_wconf 92' lang='grc'><strong>72.</strong></span> <span class='ocrx_word' id='word_1_243' title='bbox 225 2884 294 2925; x_wconf 87' lang='grc'><strong>73.</strong></span> <span class='ocrx_word' id='word_1_244' title='bbox 327 2883 528 2939; x_wconf 86' lang='lat' dir='ltr'>Petitur,</span> <span class='ocrx_word' id='word_1_245' title='bbox 560 2891 612 2927; x_wconf 91' lang='lat' dir='ltr'>ut</span> <span class='ocrx_word' id='word_1_246' title='bbox 642 2886 691 2927; x_wconf 89' lang='lat' dir='ltr'>in</span> <span class='ocrx_word' id='word_1_247' title='bbox 723 2886 1024 2929; x_wconf 84' lang='lat' dir='ltr'>Confessioni-</span> <span class='ocrx_word' id='word_1_248' title='bbox 1121 2888 1204 2931; x_wconf 87' lang='lat' dir='ltr'>Ad</span> <span class='ocrx_word' id='word_1_249' title='bbox 1243 2892 1313 2933; x_wconf 89' lang='grc'><strong>72.</strong></span> <span class='ocrx_word' id='word_1_250' title='bbox 1352 2892 1420 2934; x_wconf 87' lang='grc'><strong>73.</strong></span> <span class='ocrx_word' id='word_1_251' title='bbox 1455 2889 1512 2934; x_wconf 86' lang='lat' dir='ltr'>R.</span> <span class='ocrx_word' id='word_1_252' title='bbox 1575 2890 1666 2934; x_wconf 89' lang='lat' dir='ltr'>Ubi</span> <span class='ocrx_word' id='word_1_253' title='bbox 1706 2895 1772 2932; x_wconf 89' lang='lat' dir='ltr'>est</span> 
     </span>
    </p>
   </div>
   <div class='ocr_carea' id='block_1_14' title="bbox 64 2949 1773 3017">
    <p class='ocr_par' dir='ltr' id='par_1_17' title="bbox 64 2949 1773 3017">
     <span class='ocr_line' id='line_1_38' title="bbox 64 2949 1773 3017; baseline 0.008 -26"><span class='ocrx_word' id='word_1_254' title='bbox 64 2949 148 2992; x_wconf 90' lang='lat' dir='ltr'>bus</span> <span class='ocrx_word' id='word_1_255' title='bbox 169 2952 406 2995; x_wconf 80' lang='lat' dir='ltr'>audiendis</span> <span class='ocrx_word' id='word_1_256' title='bbox 436 2970 487 2996; x_wconf 84' lang='lat' dir='ltr'>ea</span> <span class='ocrx_word' id='word_1_257' title='bbox 510 2956 624 2998; x_wconf 88' lang='lat' dir='ltr'>ratio</span> <span class='ocrx_word' id='word_1_258' title='bbox 646 2962 866 3013; x_wconf 83' lang='lat' dir='ltr'>teneatur,</span> <span class='ocrx_word' id='word_1_259' title='bbox 889 2974 1025 3015; x_wconf 87' lang='lat' dir='ltr'>quam</span> <span class='ocrx_word' id='word_1_260' title='bbox 1062 2960 1350 3002; x_wconf 84' lang='lat' dir='ltr'>introductus</span> <span class='ocrx_word' id='word_1_261' title='bbox 1370 2975 1491 3017; x_wconf 88' lang='lat' dir='ltr'>usus,</span> <span class='ocrx_word' id='word_1_262' title='bbox 1509 2976 1642 3017; x_wconf 88' lang='lat' dir='ltr'>quem</span> <span class='ocrx_word' id='word_1_263' title='bbox 1659 2962 1773 3003; x_wconf 87' lang='lat' dir='ltr'>liber</span> 
     </span>
    </p>
   </div>
   <div class='ocr_carea' id='block_1_15' title="bbox 64 3024 1769 3089">
    <p class='ocr_par' dir='ltr' id='par_1_18' title="bbox 64 3024 1769 3089">
     <span class='ocr_line' id='line_1_39' title="bbox 64 3024 1769 3089; baseline 0.006 -27"><span class='ocrx_word' id='word_1_264' title='bbox 64 3035 264 3078; x_wconf 87' lang='lat' dir='ltr'>quaeque</span> <span class='ocrx_word' id='word_1_265' title='bbox 316 3024 560 3067; x_wconf 85' lang='lat' dir='ltr'>Provincia</span> <span class='ocrx_word' id='word_1_266' title='bbox 617 3029 1025 3072; x_wconf 86' lang='lat' dir='ltr'>commodissimam</span> <span class='ocrx_word' id='word_1_267' title='bbox 1062 3032 1351 3087; x_wconf 87' lang='lat' dir='ltr'>praescribit,</span> <span class='ocrx_word' id='word_1_268' title='bbox 1384 3033 1569 3075; x_wconf 87' lang='lat' dir='ltr'>retineri</span> <span class='ocrx_word' id='word_1_269' title='bbox 1599 3037 1769 3089; x_wconf 87' lang='lat' dir='ltr'>potest:</span> 
     </span>
    </p>
   </div>
   <div class='ocr_carea' id='block_1_16' title="bbox 67 3098 1772 3160">
    <p class='ocr_par' dir='ltr' id='par_1_19' title="bbox 67 3098 1772 3160">
     <span class='ocr_line' id='line_1_40' title="bbox 67 3098 1772 3160; baseline 0.007 -28"><span class='ocrx_word' id='word_1_270' title='bbox 67 3098 248 3148; x_wconf 85' lang='lat' dir='ltr'>experta</span> <span class='ocrx_word' id='word_1_271' title='bbox 279 3100 357 3137; x_wconf 83' lang='lat' dir='ltr'>est.</span> <span class='ocrx_word' id='word_1_272' title='bbox 1062 3103 1142 3144; x_wconf 85' lang='lat' dir='ltr'>ubi</span> <span class='ocrx_word' id='word_1_273' title='bbox 1160 3117 1267 3147; x_wconf 86' lang='lat' dir='ltr'>vero</span> <span class='ocrx_word' id='word_1_274' title='bbox 1283 3117 1375 3145; x_wconf 90' lang='lat' dir='ltr'>non</span> <span class='ocrx_word' id='word_1_275' title='bbox 1394 3108 1461 3145; x_wconf 87' lang='lat' dir='ltr'>est</span> <span class='ocrx_word' id='word_1_276' title='bbox 1473 3104 1772 3160; x_wconf 69' lang='lat' dir='ltr'>introductus,</span> 
     </span>
    </p>
   </div>
  </div>
 </body>
</html>
