2153 3467
106 461 306 489 Magistratus.

118 1458 309 1482 Decuriones.

107 1818 149 1841 Ad
171 1825 290 1842 examen

95 1855 290 1884 praeparatio.

126 2245 289 2275 catalogus.

110 2744 295 2775 Diacipunae

161 2788 240 2804 ‘'Ul'd.

324 191 410 232 394
508 200 620 234 Ratio
646 200 849 236 studiorum
875 206 913 237 et
936 200 1188 237 institutiones
1213 200 1457 237 scholasticae
1482 200 1678 236 Societatis
1704 201 1792 237 Jesu
1816 203 1856 238 Π

325 319 540 375 quicquid
578 319 687 360 libet
724 324 1059 375 percontanteS,
1101 320 1175 363 vel
1215 318 1521 362 dubitationes
1559 319 1613 361 ab
1660 334 1750 361 11110
1791 321 2061 377 propositas,

325 390 592 446 praesertim
624 390 679 431 (10
712 390 969 444 Rhetorica,
1003 390 1355 447 oppugnantes.¹

470 460 548 507 35.
613 461 909 517 Magistratus
947 462 1147 517 eligendi
1193 461 1490 518 praemiisque
1532 461 1688 516 etiam,
1735 461 1771 503 si
1812 462 2056 516 videbitur,

326 531 564 586 afficiendi,
597 533 686 574 nisi
718 534 765 575 id
797 534 964 576 alicubi
997 534 1044 575 in
1077 533 1322 574 Rhetorica
1364 533 1515 574 minus
1553 532 1849 575 necessarium
1893 533 2064 576 videre-

326 608 414 656 tur,
447 603 640 659 singulis
671 605 762 647 iere
795 609 874 647 aut
906 604 1090 647 alternis
1124 604 1371 653 mensibus;
1405 604 1461 646 ad
1494 619 1593 646 eam
1625 619 1718 646 rem
1750 604 1885 645 semel
1918 605 2067 646 soluta

326 674 545 728 oratione,
579 676 712 716 semel
735 676 888 729 etiam,
922 675 960 717 si
976 675 1199 728 videatur,
1234 675 1284 717 in
1306 675 1612 731 superioribus
1629 674 1846 717 classibus
1869 675 2066 717 carmine

326 760 542 800 graeceve
565 745 764 788 scribant
791 746 838 788 in
862 746 1013 787 schola
1033 750 1129 788 1010
1151 745 1326 788 scholae
1350 751 1561 803 tempore,
1593 746 1682 788 nisi
1708 746 1755 788 in
1776 746 2065 788 inferioribus

327 817 486 859 melius
517 817 729 859 videatur
760 817 1028 859 semihoram
1063 818 1388 860 concertationi
1422 818 1685 873 relinquere.
1740 817 1828 868 Qui
1860 817 2066 859 omnium

327 888 494 945 optime
526 889 790 945 scripserint
820 904 994 930 summo
1028 889 1311 944 magistratu,
1346 888 1424 944 qui
1445 888 1649 945 proxime
1678 889 1944 930 accesserint
1963 887 2065 929 aliis

327 960 551 1002 honorum
585 960 804 1015 gradibus
835 960 1081 1016 potientur,
1115 974 1306 1016 quorum
1333 960 1533 1014 nomina,
1564 975 1653 1016 quo
1675 960 1777 1016 plus
1797 958 2067 1001 eruditionis

327 1035 396 1072 l'es
436 1031 622 1085 habeat,
664 1047 716 1073 ex
760 1032 935 1074 Graeca
974 1032 1239 1074 Romanave
1277 1032 1508 1089 republica
1549 1031 1772 1074 militiave
1813 1036 2066 1083 sumantur,

329 1103 452 1143 Duas
485 1107 633 1144 autem
666 1103 758 1145 fere
780 1103 828 1144 in
847 1107 997 1160 partes
1017 1103 1074 1145 ad
1097 1103 1447 1146 aemulationem
1477 1103 1720 1145 fovendam
1748 1103 1899 1145 schola
1918 1104 2067 1149 dividi

327 1175 508 1230 poterit,
542 1189 733 1229 quarum
765 1179 955 1230 utraque
988 1189 1091 1216 sues
1123 1173 1289 1216 habeat
1321 1174 1636 1228 magistratus,
1670 1174 1802 1216 alteri
1834 1175 1955 1231 parti
1991 1176 2067 1218 ad-

329 1246 562 1299 versarios,
604 1245 849 1301 unicuique
887 1245 1212 1302 discipulorum
1254 1260 1334 1287 suo
1374 1245 1597 1288 attributo
1638 1246 1826 1288 aemulo.
1891 1247 2066 1288 Summi

329 1319 480 1357 autem
527 1317 764 1374 utriusque
808 1317 951 1374 partis
997 1317 1292 1373 magistratus
1335 1316 1530 1374 primum
1581 1316 1629 1358 in
1677 1316 1869 1359 sedendo
1916 1318 2066 1360 locum

328 1386 579 1429 obtineant.

471 1459 548 1506 36.
602 1461 878 1503 Decuriones
893 1460 1032 1502 etiam
1054 1476 1080 1502 a
1102 1461 1395 1516 Praeceptore
1415 1464 1688 1514 statuantur,
1709 1461 1786 1516 qui
1807 1461 2067 1504 memoriter

327 1532 571 1574 recitantes
609 1532 801 1574 audiant
840 1532 1095 1588 scriptaque
1135 1531 1421 1587 Praeceptori
1465 1531 1705 1586 colligant,
1753 1536 1797 1574 et
1828 1532 1876 1574 in
1909 1533 2064 1575 libello

326 1604 507 1660 punctis
539 1608 713 1659 notent,
748 1603 922 1659 quoties
944 1602 1159 1645 memoria
1180 1617 1401 1658 quemque
1421 1602 1645 1656 fefellerit,
1679 1602 1755 1658 qui
1776 1603 2064 1660 scriptionem

327 1674 560 1718 omiserint
591 1679 671 1718 aut
709 1675 876 1732 duplex
918 1674 1171 1731 exemplum
1203 1689 1295 1715 non
1327 1673 1530 1728 tulerint,
1564 1673 1755 1730 aliaque,
1790 1674 1851 1716 si2
1877 1674 2064 1731 jusserit

327 1747 608 1803 Praeceptor,
641 1747 896 1789 observent.

471 1817 542 1864 37.
606 1817 679 1861 Ad
722 1817 1050 1875 promotionem
1096 1816 1349 1872 generalem
1401 1831 1491 1858 uno
1541 1815 1680 1858 ferme
1727 1820 1833 1858 ante
1877 1832 2065 1858 examen

328 1905 478 1931 mense
510 1894 689 1932 strenue
721 1888 930 1946 discipuli
962 1889 1010 1930 in
1041 1888 1293 1945 praecipuis
1325 1888 1577 1944 quibusque
1608 1888 1754 1942 rebus,
1786 1887 1834 1929 in
1857 1887 2065 1930 omnibus

328 1961 564 2014 classibus,
613 1965 800 2017 excepta
846 1961 1033 2002 fortasse
1072 1959 1337 2012 Rhetorica,
1387 1963 1690 2002 exerceantur.
1755 1958 1925 2009 Quodsi
1966 1959 2066 2015 quis

328 2032 462 2086 longe
494 2032 543 2073 in
574 2032 672 2089 ipso
706 2033 813 2074 anni
846 2032 1061 2074 (1001115113
1092 2031 1349 2084 excelleret,
1393 2030 1446 2072 de
1478 2045 1528 2072 00
1561 2030 1781 2086 Magister
1811 2030 1976 2072 referat
2007 2030 2065 2072 ad

328 2102 626 2157 Praefectum,
658 2107 711 2145 ut
732 2103 948 2160 privatim
972 2103 1255 2145 examinatus
1279 2101 1471 2158 gradum
1494 2101 1550 2143 ad
1574 2101 1843 2158 superiorem
1866 2101 2065 2143 scholam

326 2174 474 2216 facere
504 2174 658 2230 possit.

469 2245 547 2291 38.
614 2246 884 2301 Catalogum
931 2245 1255 2302 discipulorum
1300 2244 1530 2302 alphabeti
1570 2242 1725 2285 ordine
1762 2243 2066 2300 conscriptum

328 2317 562 2359 Praefecto
596 2317 747 2358 tradat
778 2317 860 2358 sub
893 2317 1002 2358 anni
1032 2316 1258 2359 initium4:
1300 2331 1431 2371 quem
1472 2315 1729 2370 catalogum
1760 2314 1988 2357 interdum
2017 2315 2065 2356 in

330 2403 447 2429 anno
477 2392 781 2442 recognoscat,
814 2392 879 2442 111,
913 2388 949 2429 si
982 2388 1090 2443 quid
1124 2388 1183 2429 sit
1214 2403 1338 2444 opus,
1370 2386 1605 2429 immutari
1639 2390 1792 2441 queat:
1827 2385 2067 2428 accuratis-

332 2459 441 2500 sime
473 2474 591 2513 vere,
633 2474 733 2501 cum
767 2460 977 2513 generale
1018 2459 1343 2515 discipulorum
1383 2473 1569 2500 examen
1610 2456 1854 2514 impendet.
1916 2456 1971 2497 In
2013 2471 2064 2497 00

332 2534 483 2571 autem
534 2531 741 2585 catalogo
789 2531 1170 2587 quamplurimos⁵
1216 2530 1539 2586 discipulorum
1586 2528 1752 2584 gradus
1799 2527 2065 2583 distinguat,

330 2600 544 2642 videlimt
565 2602 774 2658 optimos,
809 2602 963 2656 bonos,
987 2601 1244 2656 mediocres,
1269 2600 1442 2654 dubios,
1464 2599 1764 2653 101111011ε100,6
1783 2598 2062 2655 rejiciendos,

333 2687 448 2727 quae
480 2676 615 2713 notae
650 2672 847 2714 numeris
879 2672 1129 2727 significari
1160 2675 1360 2729 possent:
1397 2674 1434 2714 1.
1470 2674 1509 2715 2.
1544 2674 1582 2714 3.
1616 2673 1656 2714 4.
1691 2672 1730 2714 5.
1765 2673 1803 2713 6.

475 2743 553 2789 39.
618 2743 916 2801 Disciplinam
959 2758 1137 2785 omnem
1169 2742 1285 2784 nihil
1329 2756 1469 2797 aeque
1506 2741 1710 2783 continet
1754 2744 1887 2796 atque
1919 2739 2066 2781 obser-

331 2814 457 2856 vatio
489 2814 762 2868 regularum.
826 2815 950 2856 Haec
981 2814 1125 2869 igitur
1155 2812 1396 2870 praecipua
1428 2812 1488 2854 sit
1520 2812 1730 2867 Magistri
1753 2825 1872 2863 cura,
1912 2813 1963 2851 ut
2000 2809 2065 2850 di-

331 2885 494 2942 scipuli
526 2889 623 2926 tum
658 2900 721 2938 ea,
757 2900 870 2940 quae
890 2887 938 2926 in
962 2900 1114 2927 eorum
1137 2883 1306 2939 regulis
1325 2883 1563 2937 habentur,
1597 2882 1848 2935 observent,
1880 2884 1977 2922 tum
2000 2896 2065 2934 ea,

481 2991 490 3010 ¹
518 3002 563 3025 m.
589 2997 716 3025 contra
744 3002 866 3025 omnes
895 2991 1036 3035 „imp-⁴⁶

478 3051 491 3070 ²
518 3062 562 3084 in.
591 3052 683 3091 „se.“

478 3111 491 3130 ²
516 3121 561 3147 m.
591 3108 713 3151 „intra
739 3113 907 3144 annuin.“
