2148 3402
490 194 533 231 R.
561 199 607 229 st.
635 195 737 229 1586.
789 193 962 228 Delectus
990 204 1044 236 op.
1073 192 1183 226 theol.
1210 192 1323 226 Finis.
1670 181 1758 223 217

566 412 638 459 De
677 411 942 460 Doctorum
982 411 1255 458 autoritate.

207 532 243 572 1.
278 530 391 572 Cum
415 530 571 572 Sancti
594 530 809 570 Doctores
826 529 874 569 in
892 528 1042 582 aliquo
1065 527 1372 580 consentiunt,
1394 530 1461 567 est
1477 529 1764 581 praeceptum

62 600 300 654 Ecclesiae,
334 616 387 642 ne
421 601 477 642 ab
510 601 601 642 illis
633 600 868 641 recedatur
899 599 947 640 in
979 599 1048 653 ijs
1081 613 1194 654 quae
1216 602 1322 640 sunt
1345 596 1473 638 Fidei
1506 600 1551 638 et
1573 610 1761 649 morum,

62 678 107 712 et
138 671 185 713 in
219 672 500 728 expositione
534 671 803 728 Scripturae.

206 747 244 786 2.
279 743 328 784 Si
384 743 613 785 vnanimis
654 744 899 784 Doctorum
950 743 1220 784 Sanctorum
1268 755 1508 782 consensus
1555 738 1763 792 affirmat,

64 814 236 870 aliquid
274 830 367 856 esse
408 815 462 856 de
501 814 612 856 Fide
654 817 733 856 aut-
772 814 940 869 dogma
981 813 1230 866 Ecclesiae,
1271 812 1299 853 i.
1339 827 1374 853 e.
1416 811 1470 852 de
1503 810 1633 863 Fide,
1672 824 1764 850 non

63 890 245 942 propter
276 901 428 927 eorun]
464 885 752 928 autoritatem
785 885 1027 927 definiendi
1068 900 1138 926 res
1172 883 1312 938 Fidei,
1346 883 1422 924 sed
1452 881 1689 925 indicandi
1721 886 1766 922 et

66 957 355 1011 testificandi,
391 957 511 1013 quod
543 957 727 999 aliunde
760 961 828 998 est
860 957 914 998 de
945 956 1072 998 Fide.

206 1032 246 1073 3.
281 1028 362 1070 Sin
393 1029 624 1081 Doctores,
658 1043 761 1069 curn
794 1028 1117 1081 consenserint,
1151 1043 1243 1070 non
1275 1031 1476 1069 asserant
1507 1026 1554 1067 id
1588 1041 1679 1068 esse
1711 1026 1766 1067 de

64 1100 192 1153 Fide,
225 1099 316 1154 sed,
350 1100 469 1155 quod
511 1099 693 1153 docent,
738 1099 932 1155 probent
969 1114 1021 1140 ex
1057 1098 1294 1155 Scriptura
1333 1098 1407 1139 vel
1439 1113 1492 1138 ex
1526 1096 1768 1138 traditione

65 1171 138 1212 vel
171 1186 226 1212 ex
260 1170 484 1212 Ecclesiae
517 1170 802 1223 definitione,
846 1175 891 1212 et
928 1170 1037 1211 haec
1076 1170 1174 1227 ipsa
1211 1185 1289 1226 per
1320 1184 1365 1210 se
1397 1168 1628 1211 euidentia
1660 1168 1765 1222 sint,

63 1243 162 1299 ipsa
194 1257 271 1298 per
302 1258 347 1283 se
379 1242 553 1284 faciunt
583 1257 676 1283 rem
710 1241 763 1283 de
794 1241 922 1284 Fide.

207 1317 247 1356 4.
283 1313 364 1355 Sin
384 1313 641 1369 Scripturae
661 1317 707 1354 et
728 1312 956 1354 Ecclesiae
978 1311 1232 1353 sanctiones
1254 1327 1345 1353 non
1366 1317 1471 1353 sunt
1491 1311 1600 1353 adeo
1624 1311 1767 1352 clarae

66 1390 111 1426 et
132 1384 376 1439 euidentes,
410 1389 519 1427 tunc
539 1385 660 1440 quod
683 1384 889 1427 vnanimi
911 1384 1159 1426 Doctorum
1181 1383 1466 1425 consensioni
1488 1383 1766 1436 aduersatur,

65 1471 155 1498 non
178 1461 244 1498 est
264 1456 551 1510 haereticum,
585 1456 662 1498 sed
682 1471 929 1510 erroneum,
962 1455 1000 1496 si
1020 1459 1184 1510 tamen,
1208 1455 1329 1511 quod
1350 1455 1568 1496 Doctores
1589 1454 1765 1507 docent,

64 1532 370 1570 asseueranter
401 1527 605 1570 doceant.

206 1602 246 1644 5.
282 1599 331 1641 Si
364 1599 474 1655 quid
505 1599 780 1641 vnanimiter
818 1599 983 1641 docent
1015 1598 1287 1641 Scholastici
1317 1597 1558 1653 Theologi,
1591 1597 1646 1639 de
1678 1612 1766 1653 quo

65 1671 180 1713 nihil
212 1672 370 1712 Patres
402 1670 626 1725 dixerant,
659 1675 764 1712 sunt
796 1671 850 1712 de
879 1671 988 1727 ipsis
1019 1670 1251 1712 faciendae
1280 1669 1462 1711 eaedem
1491 1669 1581 1711 fere
1605 1668 1767 1710 distin-

64 1742 251 1796 ctiones,
285 1757 397 1798 quae
430 1757 566 1799 supra
598 1742 652 1784 de
673 1743 854 1786 Sanctis
877 1742 1152 1784 Doctoribus
1191 1742 1338 1784 factae
1367 1746 1497 1795 sunt,
1535 1741 1643 1782 licet
1673 1756 1766 1782 non

64 1813 218 1856 eodem
250 1813 384 1871 plane
415 1813 574 1870 gradu.

845 1885 984 1927 Finis.

592 1958 713 1999 Laus
744 1958 840 1999 Deo
873 1957 934 1999 Et
964 1957 1018 2001 Β.
1050 1957 1232 1999 Mariae.

206 2316 268 2357 Es
298 2314 453 2370 folgen
484 2315 579 2357 drei
607 2315 761 2359 Seiten
796 2315 1032 2370 „Errata“,
1068 2315 1355 2369 „Correcta“;
1389 2313 1474 2355 auf
1500 2313 1578 2355 der
1599 2314 1765 2355 letzten

68 2387 189 2429 Seite
220 2387 295 2428 fur
326 2386 412 2428 den
444 2385 737 2428 Buchbinder
773 2386 1095 2442 „Regestum“:
1130 2386 1184 2442 —l—
1217 2385 1258 2427 A
1291 2385 1330 2427 B
1363 2385 1398 2428 O
1432 2386 1472 2427 D
1506 2385 1545 2427 E
1576 2386 1613 2427 F
1647 2385 1688 2427 Gr
1721 2385 1766 2427 H

66 2458 89 2499 I
119 2457 184 2499 Κ1
222 2458 260 2499 L
291 2458 340 2499 M
370 2458 413 2499 N
446 2457 483 2499 O
516 2458 553 2499 P
588 2456 628 2506 Q
659 2457 703 2499 R
735 2457 766 2500 S
799 2457 835 2499 Τ
868 2458 910 2500 V
942 2458 1002 2499 X.
1068 2456 1235 2499 Omnes
1278 2461 1384 2499 sunt
1423 2456 1765 2511 QuaternioneS,

68 2529 124 2583 -Ι-
155 2528 479 2573 Semiduernio.

209 2601 400 2642 Romae.
464 2600 731 2642 Excudebat
760 2599 1029 2642 Franciscus
1051 2600 1281 2656 Zanettus.
1328 2598 1692 2643 MDLXXXVI.

218 3109 229 3128 ¹
259 3108 380 3144 Dureh
404 3107 556 3144 Druckf.
584 3107 671 3150 „R“.

1784 430 1882 460 9331).
