2148 3402
611 187 653 221 R.
681 191 727 222 st.
756 187 856 221 1586.
907 186 1026 220 (nass.
1055 184 1286 219 Rhetoricae.
1704 174 1786 215 197

93 306 148 348 ab
171 320 221 347 eo
243 305 424 348 videtur
444 306 750 363 explicandus,
775 321 800 347 a
817 319 905 360 quo
926 307 1163 361 praecepta
1181 302 1444 344 traduntur:
1473 306 1517 343 et
1538 302 1795 357 frequenter

93 377 295 419 accidere
326 381 487 433 potest,
520 381 572 419 vt
602 377 650 418 in
684 377 963 419 orationibus
994 377 1057 419 M.
1089 374 1225 429 Tullij
1267 378 1505 430 praecepta
1537 373 1794 414 indicentur

91 448 225 502 longe
258 448 401 503 aliter,
435 463 570 504 quam
600 448 806 505 exposita
836 447 1017 489 fuerant
1047 447 1095 488 in
1129 450 1236 488 arte.
1300 444 1445 486 Multo
1484 459 1589 486 vero
1622 444 1791 485 incom-

92 519 268 561 modius
305 524 394 574 est,
436 524 488 562 vt
529 523 799 575 argumenta
840 518 1219 575 compositionum
1260 516 1315 558 ab
1358 515 1447 557 alio
1487 515 1717 557 dictentur
1749 519 1793 556 et

90 590 412 647 emenldentur,
446 606 581 645 quam
614 591 670 632 ab
702 605 766 644 eo,
799 589 876 645 qui
899 589 1086 646 exponit
1117 593 1274 638 artem,
1308 602 1409 629 cum
1430 585 1666 628 exercendi
1699 585 1790 627 sint

91 661 318 703 auditores
348 661 476 703 iuxta
497 676 716 715 normam,
750 675 863 716 quae
880 660 1071 716 singulis
1091 659 1248 701 diebus
1271 674 1325 700 ex
1345 663 1440 700 arte
1459 656 1791 714 praescribitur.

90 733 247 788 Neque
278 746 383 774 vero
420 732 612 774 nimium
652 746 770 773 Vnus
799 731 1038 773 ‘Professor
1068 730 1337 773 Rhetoricae
1377 733 1650 782 oneraretur,
1691 743 1792 770 cum

90 803 356 860 Philosophi
387 803 499 845 duas
531 803 733 858 quotidie
764 802 963 844 habeant
995 802 1222 857 lectiones,
1255 800 1545 858 repetitiones
1565 803 1794 856 praeterea

90 879 134 916 et
155 875 498 931 disputationes,
532 878 576 916 et
598 874 885 930 quotidianas
906 888 1043 931 prope
1064 873 1373 929 responsiones
1392 872 1449 914 ad
1465 887 1529 926 ea,
1552 871 1607 913 de
1629 871 1794 927 quibus

89 946 308 1002 priuatim
348 945 699 1001 interrogantur.
763 947 921 987 Posset
961 945 1108 988 adhuc
1148 959 1244 986 mos
1287 943 1371 985 iste
1403 944 1637 985 Romanus
1678 943 1793 984 alere

89 1016 324 1074 pigritiam
355 1017 547 1059 aliarum
579 1017 938 1072 Prouinciarum,
970 1016 1019 1058 in
1041 1016 1204 1072 quibus
1226 1014 1496 1057 Rhetoricae
1516 1014 1794 1056 Professores

89 1093 270 1145 possent
300 1088 387 1130 sibi
419 1088 639 1144 collegam
671 1093 750 1130 aut
770 1088 941 1130 socium
959 1092 1108 1144 petere
1129 1087 1333 1143 exemplo
1356 1086 1546 1141 Collegii
1572 1086 1790 1139 Romani3

88 1164 134 1201 et
174 1159 265 1201 iam
309 1159 387 1202 diu
430 1159 518 1201 ista
559 1174 628 1201 res
668 1174 760 1200 non
808 1159 919 1201 bene
960 1159 1090 1201 audit
1126 1158 1175 1200 in
1213 1157 1488 1211 Prouinciis,
1533 1157 1582 1199 in
1629 1157 1792 1213 quibus

88 1234 132 1272 et
162 1235 303 1273 artem
334 1234 379 1272 et
417 1230 643 1273 orationes
682 1234 726 1271 et
767 1232 986 1273 Graecam
1016 1229 1257 1272 lectionem
1289 1243 1406 1272 Vnus
1437 1228 1668 1270 Professor
1699 1243 1792 1270 sus-

89 1301 204 1344 tinet
235 1302 342 1344 fere.

230 1375 268 1417 3.
302 1373 430 1415 Nihil
461 1373 611 1415 minus
643 1373 817 1415 duabus
848 1388 980 1415 mane
1011 1371 1145 1426 horis,
1180 1376 1225 1413 et
1259 1371 1434 1414 duabus
1466 1387 1492 1413 a
1522 1370 1712 1428 prandio
1744 1370 1793 1412 in

87 1444 239 1486 schola
270 1444 545 1487 manendum
576 1459 669 1486 esse
708 1444 910 1499 videtur,
951 1444 999 1486 id
1043 1443 1164 1486 enim
1203 1443 1252 1485 in
1293 1442 1503 1484 omnibus
1544 1441 1793 1499 prouinciis

86 1519 315 1572 receptum
347 1520 426 1570 est,
461 1532 487 1558 a
508 1516 672 1571 quibus
694 1517 955 1558 Romanum
977 1514 1232 1571 Collegium
1264 1514 1513 1570 discrepare
1533 1528 1625 1555 non
1652 1513 1790 1567 decet,

87 1601 189 1628 cum
227 1586 342 1629 illud
384 1587 599 1642 Collegiis
646 1587 831 1629 caeteris
876 1592 1097 1643 tanquam
1144 1586 1372 1643 exemplar
1418 1589 1696 1642 proponatur
1743 1585 1792 1626 in

88 1657 517 1700 Constitutionibus.
566 1658 887 1700 Adolescentes
920 1673 1111 1714 quoque,
1145 1657 1222 1713 qui
1254 1657 1551 1699 Rhetoricam
1584 1655 1791 1707 audiunt,

84 1743 172 1783 quo
195 1728 389 1786 amplius
409 1730 457 1771 in
474 1729 627 1771 schola
639 1734 887 1783 morantur,
911 1744 961 1771 eo
984 1729 1132 1771 minus
1151 1729 1285 1771 rebus
1307 1728 1455 1770 noxiis
1473 1728 1789 1784 implicantur:

90 1800 383 1856 implicantur
415 1805 567 1842 autem
598 1800 744 1842 nihilo
777 1800 949 1855 minus,
987 1816 1123 1856 quam
1155 1801 1345 1842 aliarum
1378 1800 1634 1842 scholarum
1667 1799 1793 1841 audi-

90 1875 221 1913 tores.
284 1873 439 1928 Neque
470 1886 576 1914 vero
608 1876 844 1928 propterea
876 1871 1113 1928 discipulis
1151 1872 1207 1913 ad
1247 1871 1474 1913 elaborate
1504 1871 1793 1913 scribendum

91 1946 267 1998 tempus
289 1943 442 1997 deerit,
466 1943 503 1984 si
523 1943 766 1999 prudenter
790 1942 1034 1984 diuidatur.
1081 1944 1351 1999 Praeceptor
1368 1957 1544 1998 quoque
1565 1942 1793 1984 existimet

92 2028 216 2055 suam
250 2013 532 2056 auditoribus
565 2028 746 2070 operam
778 2014 1008 2056 vtiliorem
1030 2029 1135 2067 esse,
1168 2014 1275 2056 dum
1308 2014 1356 2055 in
1388 2014 1541 2056 schola
1573 2007 1792 2067 versatur,

93 2099 228 2139 quam
261 2100 363 2127 cum
402 2085 620 2142 priuatim
655 2089 789 2127 tanto
828 2088 1049 2142 apparatu
1087 2101 1132 2127 se
1171 2090 1402 2141 comparat
1441 2085 1498 2127 ad
1537 2084 1792 2140 legendum.

92 2156 196 2197 Huc
229 2156 412 2210 accedit,
446 2157 587 2212 quod,
628 2171 731 2198 cum
763 2156 983 2198 Rhetores
1017 2156 1219 2198 versibus
1259 2156 1396 2198 etiam
1435 2157 1681 2198 scribendis
1712 2157 1797 2198 fre-

1822 615 1838 627 ».
1851 603 1912 625 ’ζ’-’.3.

93 2232 280 2282 quenter
310 2232 495 2281 vacent,
538 2227 729 2270 iuuandi
767 2227 994 2284 videnitur
1033 2243 1171 2284 prope
1214 2228 1480 2283 quotidiana
1513 2229 1679 2269 Poetae
1713 2227 1792 2268 ali-
1826 2246 1917 2268 ‚.;›1‹·..

93 2298 219 2340 cuius
249 2299 545 2353 enarratione,
579 2299 697 2341 vnde
729 2299 930 2355 depromi
962 2299 1104 2355 possit
1135 2300 1344 2341 Poeticae
1365 2299 1636 2341 imitationis
1659 2303 1793 2354 atque

92 2368 336 2411 locutionis
367 2370 565 2412 varietas
596 2374 640 2412 et
671 2369 812 2426 copia.

234 2443 274 2484 4.
308 2441 437 2483 Libri
467 2442 516 2483 in
547 2441 793 2483 Rhetorica
825 2441 1079 2498 exponendi
1111 2441 1201 2483 fere
1233 2446 1358 2483 sunt:
1394 2442 1632 2484 Orationes
1653 2443 1795 2484 Tulli-

94 2526 217 2565 anae,
249 2512 426 2567 aliquae
465 2513 602 2555 etiam
632 2512 871 2565 Liuianae,
904 2512 1200 2566 Partitiones,
1242 2513 1373 2555 Libri
1413 2514 1467 2555 de
1500 2516 1705 2568 Oratore,
1740 2514 1795 2555 de

94 2581 378 2637 Inuentione,
412 2583 658 2625 Rhetorica
689 2583 966 2626 Aristotelis:
1002 2583 1172 2640 Topica
1204 2585 1264 2627 M.
1298 2584 1434 2640 Tullij
1469 2585 1548 2626 vix
1580 2585 1797 2627 videntur

95 2653 229 2694 Vtilia
259 2659 442 2711 propter
473 2656 779 2712 exemplorum
812 2654 1148 2707 obscuritatem,
1183 2670 1296 2710 quae
1329 2656 1431 2711 plus
1462 2657 1677 2712 temporis
1710 2656 1795 2697 sibi

95 2725 351 2778 vendicant,
385 2740 518 2780 quam
551 2741 621 2780 ea,
667 2741 781 2781 quae
812 2731 918 2768 sunt
957 2725 1139 2783 propria
1171 2726 1455 2769 Rhetoricae.
1520 2728 1668 2776 Quare
1706 2727 1795 2769 loci

97 2796 281 2837 oratorii
313 2796 476 2852 exponi
506 2802 694 2853 possunt
724 2798 772 2839 in
805 2797 1136 2840 Partitionibus
1171 2797 1329 2840 aliisve
1363 2798 1512 2852 libris,
1551 2799 1599 2840 in
1632 2798 1795 2853 quibus

97 2882 170 2908 eos
191 2867 388 2909 breuiter
408 2868 597 2923 attingit
618 2869 806 2923 Tullius,
840 2871 1135 2926 Praeceptore
1156 2869 1341 2910 interim
1360 2884 1452 2910 rem
1475 2869 1794 2925 locupletante,

99 2943 320 2992 quantum
353 2939 462 2980 satis
493 2943 572 2992 est,
603 2954 657 2981 ex
699 2940 799 2996 alijs
832 2940 1089 2984 autoribus:
1128 2939 1202 2982 vel
1241 2955 1342 2982 cum
1376 2940 1429 2981 de
1467 2939 1536 2981 his
1570 2939 1795 2995 agendum

98 3007 345 3063 videbitur,
388 3009 552 3065 exponi
590 3015 739 3066 posset
779 3010 894 3052 liber
929 3011 1144 3067 septimus
1176 3010 1464 3061 Quintiliani.
1527 3010 1655 3052 Nihil
1687 3023 1793 3050 vero

99 3078 329 3138 Rodolphi
361 3080 600 3136 Agricolae
638 3081 820 3124 Videtur
856 3082 1120 3138 legendum,
1158 3097 1239 3124 nec
1279 3082 1452 3138 aliquid
1491 3080 1792 3133 dialecticum,
