2143 3462
382 191 467 234 188
566 200 680 236 Ratio
706 201 908 236 studiorum
933 206 973 237 et
997 202 1256 238 institutiones
1281 202 1522 238 scholasticae
1548 203 1743 239 Societatis
1768 204 1859 239 Jesu
1883 205 1921 239 II

167 322 299 346 Secunda

126 357 340 388 pomeridiana.

522 320 728 363 Dimidia
766 327 1051 379 exponantur
1092 338 1285 365 canones
1330 322 1385 364 de
1431 323 1673 377 generibus
1716 324 1985 378 Nominum,
2030 327 2076 366 et

376 396 480 433 ante
519 392 723 448 exposita
754 393 998 449 diligenter
1028 394 1269 449 exigantur
1300 399 1344 435 et
1376 393 1529 449 aliqua
1550 394 1749 436 Nomina
1778 394 2074 439 declinentur.

376 462 536 504 Altera
566 463 756 506 dimidia
787 464 1000 506 thematis
1032 465 1414 521 extemporalibus
1445 470 1752 508 exerceantur.

96 534 208 559 Ultima
219 534 366 558 semihora

125 569 338 602 pomeridiana.

518 535 722 577 Ponatur
760 536 808 577 in
841 537 1117 577 Graecorum
1148 536 1396 578 Nominum
1436 535 1719 592 simplicibus
1751 541 1796 578 et
1828 536 2076 578 contractis

376 605 773 660 declinationibus,
814 622 927 662 quae
959 611 1003 648 et
1036 606 1174 648 edisci
1207 623 1232 649 a
1263 607 1420 649 Pueris
1453 606 1667 649 deberent
1703 611 1747 649 et
1777 607 1983 661 describi,
2025 610 2077 649 vt

378 677 515 718 altius
546 678 759 719 haereant
790 677 1043 719 memoriae.
1096 677 1227 727 Quod
1248 678 1387 720 etiam
1410 679 1552 720 multo
1574 678 1722 734 magis
1753 677 2075 735 praestandum

378 752 445 790 est
474 749 523 790 in
554 748 623 804 ijs,
657 764 771 804 quae
805 748 1121 805 Superioribus
1152 749 1317 792 scholis
1349 749 1531 807 propria
1561 753 1679 792 sunt.

256 891 356 921 mm».
723 869 1023 918 Secundae
1062 870 1281 919 Classis
1320 871 1546 935 superior
1586 870 1721 919 ordo.

95 962 378 1023 Κῇῗῡὲζζζῇῗᾞζξὲῑρθ
523 962 595 1004 Ad
628 962 749 1004 hunc
782 963 985 1005 ordinem
1017 963 1247 1019 pertinent
1278 963 1423 1020 primo
1446 964 1650 1019 Regulae
1672 963 1725 1005 de
1744 963 2006 1005 Praeteritis
2034 967 2080 1005 et

378 1034 583 1089 Supinis:
636 1033 831 1075 secundo
873 1034 1058 1076 secundi
1098 1038 1142 1076 et
1180 1034 1302 1090 tertij
1351 1035 1529 1089 generis
1570 1034 1840 1092 appendices
1879 1038 2080 1076 constru-

378 1104 540 1145 ctionis
573 1104 920 1147 Intransitiuae:
957 1105 1094 1147 tertio
1131 1106 1400 1162 appendices
1431 1106 1566 1163 primi
1598 1106 1790 1161 generis,
1824 1121 1941 1161 quae
1973 1109 2079 1147 sunt

378 1179 475 1216 tum
507 1176 555 1216 in
587 1176 791 1231 qualibet
823 1177 964 1219 classe
995 1177 1237 1219 verborum
1269 1178 1582 1220 Personalium
1614 1182 1658 1219 et
1688 1177 2078 1234 Impersonalium,

377 1250 474 1287 tum
507 1246 554 1288 in
587 1247 778 1302 casibus,
812 1248 889 1304 qui
923 1253 1029 1290 sunt
1061 1263 1321 1291 communes
1353 1249 1564 1291 omnibus
1584 1249 1757 1292 verbis:
1792 1252 1955 1305 quarto
1987 1263 2081 1290 om-

378 1317 504 1359 nium
530 1318 748 1360 orationis
770 1319 983 1375 partium,
1013 1324 1197 1377 excepto
1220 1321 1372 1374 verbo,
1403 1325 1503 1362 tota
1525 1320 1800 1362 constructio
1818 1319 2079 1362 Transitiua

378 1387 473 1429 sine
497 1390 823 1446 appendicibus
846 1391 1170 1434 Emmanuelis.
1219 1391 1424 1433 Tandem
1445 1391 1659 1449 epistolae
1692 1392 1752 1433 M.
1770 1390 1909 1448 Tullij
1941 1390 2078 1448 paulo

377 1460 620 1516 grauiores,
655 1462 728 1503 vel
761 1462 942 1518 aliquae
975 1463 1173 1505 Scaenae
1207 1463 1404 1520 Terentij
1438 1464 1645 1506 selectae.

770 1583 962 1633 Diuisio
1002 1585 1232 1634 horarum
1271 1586 1321 1633 in
1362 1586 1454 1634 hoc
1495 1584 1683 1634 ordine.

142 1673 238 1698 Prima
260 1674 329 1698 hora

115 1710 358 1734 antemeridiana·
522 1676 725 1717 Dimidia
764 1677 1022 1719 memoriter
1056 1678 1270 1720 recitetur
1307 1678 1474 1733 Autor,
1520 1694 1653 1734 quem
1703 1679 1902 1735 explicat
1943 1679 2079 1719 Prae-

318 1795 319 1802 ,
380 1750 546 1803 ceptor.
618 1747 778 1789 Altera
816 1748 1006 1790 dimidia
1045 1750 1119 1791 vel
1156 1753 1397 1806 praecepta
1435 1749 1770 1792 Grammaticae
1804 1749 1910 1792 huic
1949 1749 2081 1791 classi

379 1818 563 1874 propria
595 1819 886 1861 declarentur
912 1835 1013 1862 cum
1034 1821 1368 1875 exercitatione,
1403 1836 1516 1877 quae
1536 1821 1634 1863 fieri
1656 1822 1785 1875 solet,
1818 1821 1891 1863 vel
1911 1820 2081 1862 hester-

379 1906 437 1932 na
468 1892 712 1947 praelectio
743 1896 988 1948 repetatur,
1024 1908 1126 1934 cum
1158 1892 1274 1934 nihil
1306 1908 1359 1934 ex
1394 1893 1706 1935 Grammatica
1736 1892 1992 1949 exponitur.

522 1963 725 2005 Dimidia
764 1969 895 2006 autor
935 1964 1186 2019 explicetur
1223 1979 1314 2006 non
1355 1965 1500 2006 solum
1540 1980 1642 2006 cum
1675 1963 2080 2017 obseruationibus,

381 2049 496 2089 quae
537 2034 593 2075 ad
628 2035 871 2091 Syntaxim
912 2035 1017 2077 huic
1057 2035 1235 2077 scholae
1274 2035 1504 2092 propriam
1535 2036 1786 2091 pertinent,
1826 2034 1903 2076 sed
1943 2034 2080 2075 etiam

381 2120 483 2146 cum
514 2105 649 2147 Vnius
681 2106 752 2147 vel
786 2106 969 2148 alterius
1001 2107 1294 2161 elegantioris
1326 2107 1582 2161 locutionis,
1617 2122 1752 2162 quam
1774 2106 1910 2148 Pueri
1937 2105 2082 2147 literis

379 2176 595 2217 mandent
646 2178 956 2233 vsurpandam
1002 2182 1158 2234 postea
1204 2180 1252 2219 in
1297 2179 1514 2220 Themate
1559 2178 1813 2232 scribendo,
1865 2192 1967 2219 cum
2012 2192 2080 2218 res

381 2248 703 2303 postulauerit,
745 2249 1060 2291 annotatione:
1109 2250 1218 2305 quin
1258 2251 1395 2291 etiam
1434 2264 1593 2305 operae
1624 2249 1822 2305 pretium
1855 2248 1940 2290 erit
1971 2262 2082 2303 quo-

383 2318 505 2372 tidie,
555 2321 588 2360 si
630 2321 762 2362 modo
803 2336 896 2362 sese
933 2321 1091 2363 offerat
1130 2323 1318 2374 occasio,
1361 2321 1410 2362 in
1448 2322 1581 2378 plena
1612 2320 1746 2362 Vnius
1787 2324 1865 2362 aut
1897 2319 2081 2361 alterius

382 2390 509 2431 verbi
555 2392 856 2447 explicatione
898 2392 1147 2447 immorari,
1195 2398 1247 2435 vt
1291 2393 1519 2449 propriam
1560 2391 1690 2433 Verbi
1734 2391 1949 2446 cuiusque
1986 2390 2082 2432 vim

263 2461 651 2517 p.2s1.11›ercilpia11t
688 2463 1018 2505 Adolescentes.
1085 2465 1232 2520 Atque
1278 2464 1388 2506 haec
1428 2463 1672 2519 explicatio
1715 2463 1771 2504 ad
1812 2461 2082 2503 semihoram

383 2547 474 2573 non
507 2535 762 2588 perueniat,
796 2540 847 2576 vt
878 2535 979 2591 plus
1013 2536 1225 2592 temporis
1256 2535 1483 2577 tribuatur
1513 2534 1795 2590 repetitioni,
1835 2533 1917 2575 sub
1956 2532 2081 2574 cuius

382 2603 515 2644 finem
549 2604 718 2646 Thema
752 2606 968 2659 dictetur3
1013 2611 1058 2647 et
1097 2607 1396 2661 intelligatur,
1440 2606 1576 2647 finem
1613 2605 1748 2647 huius
1782 2604 1952 2646 ordinis
1990 2618 2082 2645 non

167 1961 298 1984 Secunda

114 1996 354 2021 antemeridiana.

383 2689 476 2715 esse
516 2690 584 2715 res
621 2676 827 2718 difficiles
868 2677 1038 2730 docere,
1087 2678 1161 2719 sed
1202 2678 1250 2718 in
1288 2677 1419 2718 rebus
1459 2676 1671 2718 facilibus
1710 2691 1760 2717 eo
1801 2690 1941 2730 vsque
1980 2689 2081 2731 pro-

385 2762 562 2787 mouere¹
597 2748 928 2801 Adolescentes,
970 2753 1021 2790 vt
1053 2748 1300 2789 orationem
1342 2747 1520 2788 facilem
1552 2747 1758 2803 expedite
1788 2750 2083 2803 prompteque

387 2818 576 2859 latinam
614 2819 824 2860 reddant:
874 2824 1009 2875 atque
1048 2819 1165 2860 hanc
1203 2819 1467 2860 facultatem
1510 2818 1661 2874 adepti
1701 2818 1757 2859 ad
1791 2818 1978 2859 alterum
2014 2831 2083 2857 or-

386 2888 535 2930 dinem
570 2895 786 2945 poterunt
817 2891 1083 2946 promoueri.

108 2960 373 3020 U„¹,¹.{2”„'¹‚g⁵‡j¹{1'{;',',¹,'2{ff¹
526 2961 729 3001 Alternis
770 2966 849 3002 aut
891 2961 1052 3003 Verbis
1094 2960 1454 3015 Nominibusque
1498 2959 1731 3002 flectendis
1770 2962 1955 3012 vacent,
2001 2961 2081 2999 aut

387 3031 560 3087 aliquid
591 3031 769 3085 vulgari
805 3046 1006 3072 sermone
1039 3031 1261 3072 dictatum
1294 3031 1351 3072 ad
1374 3031 1731 3073 Grammaticam
1763 3030 1983 3071 rationem
2011 3043 2084 3070 ex-

385 3102 603 3159 pendent:
650 3107 717 3144 est
756 3102 877 3143 enim
918 3102 1176 3144 rudioribus
1207 3102 1474 3158 praesertim
1505 3102 1710 3159 pervtile,
1755 3105 1807 3143 vt
1836 3100 1946 3143 viua
1975 3114 2084 3141 voce
