2153 3467
116 329 298 355 obedientia.

135 541 300 573 inligentia.

170 898 266 930 Quies.

138 935 303 960 silentium.

62 1327 141 1360 Quae
167 1328 323 1356 fugiendae

76 1364 311 1388 consuetudiiws.

95 1686 261 1716 Spectacula
281 1691 308 1710 et

64 1727 165 1745 Sceuae
179 1725 325 1746 vetantur.

204 1971 307 1996 Pietas.

190 2399 270 2423 Vitae

134 2435 313 2466 exemplum.

70 2830 228 2853 Academia
250 2829 334 2859 qnid.

336 201 425 243 460
528 209 639 245 Ratio
669 209 875 244 studiorum
902 213 940 244 et
964 209 1221 244 institutiones
1247 209 1488 245 scholasticae
1515 209 1715 244 Societatis
1740 211 1830 247 Jesu
1857 212 1894 247 II

484 329 529 374 8.
593 329 759 371 01111105
790 329 882 370 51115
914 328 1082 385 quique
1112 327 1345 383 Magistris
1365 327 1688 386 obtemperent,
1721 331 1941 372 rationem
1962 345 2069 373 vero

338 399 549 442 studendi
583 400 640 442 ab
671 399 764 442 illis
795 401 1118 458 praescriptam
1151 405 1248 442 tum
1279 399 1328 441 in
1360 399 1523 442 scholis
1554 404 1651 443 tum
1684 400 1806 443 domi
1837 417 1973 458 quam
2005 402 2070 444 di—

339 471 637 526 ligentissime
669 475 860 514 servent.

482 542 528 587 9.
592 541 716 586 Serio
748 543 951 584 animum
983 543 1040 584 ad
1071 542 1223 585 studia
1254 545 1300 584 et
1331 546 1588 585 constanter
1626 542 1861 599 adjiciant,
1901 543 1993 585 sint
2024 544 2071 585 in

338 612 527 655 scholis¹
557 617 735 656 mature
775 612 1117 670 frequentandis
1156 612 1347 668 assidui,
1386 613 1434 655 in
1471 613 1706 656 audiendis
1745 619 1788 656 et
1826 615 2072 657 recolendis

338 685 719 741 praelectionibus
772 684 1045 740 caeterisque
1097 684 1317 727 obeundis
1369 685 1768 728 exercitationibus
1818 685 2071 742 diligentes

340 755 512 805 Quodsi
544 756 653 812 quid
685 756 834 799 minus
866 759 1165 812 assequantur
1203 761 1283 798 aut
1324 756 1361 798 si
1402 756 1512 812 quid
1545 756 1770 811 dubitent,
1801 756 2073 813 Magistrum

339 828 589 870 consulant.
653 829 822 882 (Const.
855 844 898 885 p.
931 830 972 872 4.
1006 843 1042 870 0.
1076 831 1116 872 6.
1147 843 1192 870 11.
1226 830 1265 872 2.
1299 831 1343 870 et
1374 830 1431 882 8.)

483 899 558 946 10.
623 900 678 941 Iu
709 899 883 941 schola2
912 915 968 941 ne
999 899 1084 941 hac
1114 899 1221 941 11130
1253 898 1541 955 divagentur,
1574 900 1650 942 sed
1681 900 1729 942 in
1761 898 1852 942 suis
1884 900 2073 956 quisque

340 971 565 1014 subselliis
611 971 809 1026 locisque
855 969 1054 1012 modeste
1091 985 1143 1012 ac
1182 969 1363 1011 silentio
1402 970 1490 1012 sibi
1530 986 1581 1012 ac
1617 971 1709 1013 suis
1740 971 1874 1013 rebus
1904 970 2074 1013 intenti

341 1043 451 1097 sint,
485 1058 628 1099 neque
660 1042 815 1085 schola
847 1041 1153 1098 egrediantur,
1186 1041 1274 1082 nisi
1305 1040 1426 1083 facta
1458 1057 1485 1083 a
1515 1042 1737 1097 Magistro
1770 1042 1963 1085 exeundi
1993 1058 2073 1099 po-

342 1117 518 1155 testate.
581 1113 649 1155 Ne
681 1128 877 1168 scamna,
910 1111 1184 1166 cathedram,
1217 1111 1361 1167 sellas,
1400 1111 1613 1169 parietes,
1641 1113 1825 1168 januas,
1857 1114 2074 1156 fenestras

342 1199 486 1240 neque
518 1184 642 1226 aliud
674 1184 908 1242 quidpiam
938 1183 1183 1241 pingendo,
1216 1183 1467 1238 scribendo,
1499 1185 1713 1242 scalpello
1735 1185 1881 1228 aliave
1900 1185 2076 1227 ratione

341 1256 581 1312 deturpent
612 1271 688 1298 seu
719 1259 892 1297 notent.

484 1326 554 1372 ll.
616 1328 787 1369 Pravas
827 1330 907 1368 aut
945 1327 1082 1370 etiam
1121 1331 1348 1384 suspectas
1387 1327 1580 1369 aliorum
1619 1327 1968 1369 consuetudines
2007 1327 2077 1368 fu-

342 1399 490 1455 giant3
526 1413 629 1440 cum
660 1398 717 1440 115
749 1399 1068 1442 tantummodo
1100 1402 1357 1453 versentur,
1397 1412 1588 1454 quorum
1626 1399 1829 1455 exemplo
1862 1402 1942 1441 aut
1973 1413 2076 1440 con-

341 1470 578 1513 suetudine
609 1470 657 1512 in
688 1469 924 1515 literarum
955 1471 1106 1513 studio
1138 1470 1454 1525 virtutumque
1486 1469 1739 1526 proficiant.

482 1541 556 1588 12.
620 1542 663 1584 A
699 1541 828 1584 libris
862 1541 1123 1599 perniciosis
1154 1546 1198 1584 et
1225 1541 1464 1583 inutilibus
1492 1541 1694 1596 legendis
1724 1556 1904 1598 prorsus
1941 1541 2080 1583 absti-

345 1619 497 1656 neant.
561 1614 730 1668 (Const.
762 1628 804 1670 p.
837 1617 877 1658 4.
912 1630 948 1655 0.
981 1615 1022 1657 5.
1054 1613 1106 1655 Ε.
1140 1618 1185 1655 et
1216 1628 1252 1654 c.
1288 1615 1356 1656 14.
1388 1627 1432 1654 11.
1466 1615 1524 1667 2.)

487 1685 562 1732 13.
623 1685 783 1740 Neque
815 1684 872 1726 ad
903 1685 1088 1742 publica
1119 1684 1396 1741 spectacula,
1437 1683 1712 1738 comoedias,
1755 1683 1904 1739 ludos,
1937 1699 2081 1739 neque

344 1758 401 1800 ad
433 1756 657 1814 supplicia
686 1757 888 1798 1001111113
919 1760 1045 1810 eant;
1086 1772 1231 1812 neque
1267 1771 1504 1813 personam
1541 1756 1680 1798 ullam
1712 1755 1760 1797 in
1793 1759 2079 1797 externorum

346 1829 488 1872 scenis
520 1833 675 1885 agant,
707 1828 796 1871 nisi
830 1828 938 1871 data
967 1827 1093 1885 prius
1127 1843 1153 1870 a
1185 1827 1417 1884 Magistris
1438 1828 1511 1871 vel
1540 1843 1566 1869 a
1585 1828 1819 1870 Praefecto
1851 1826 2081 1883 gymnasii

345 1903 585 1957 potestate.

489 1969 562 2017 14.
613 1970 851 2013 Sincerum
872 1971 1075 2012 animum
1092 1985 1345 2027 purumque
1362 1985 1625 2013 conservare
1645 1986 1698 2012 ac
1715 1970 1884 2012 divinis
1906 1969 2082 2025 legibus

344 2058 519 2085 summa
551 2041 792 2099 diligentia
839 2041 1146 2098 obtemperare
1184 2041 1407 2084 nitantur.
1469 2042 1565 2084 Deo
1604 2057 1730 2096 vero,
1766 2042 2082 2091 (sacratis-simo

352 2116 456 2157 ,lesu
494 2115 641 2168 Cordi)
688 2130 740 2155 ac
777 2113 1097 2155 Sanctissimae
1129 2112 1313 2168 Virgini
1349 2112 1572 2169 Deiparae
1611 2112 1884 2167 caeterisque
1915 2110 2081 2152 sanctis

345 2200 556 2243 persaepe
589 2189 724 2241 atque
757 2200 810 2226 ex
844 2184 994 2227 animo
1027 2199 1072 2226 se
1102 2184 1430 2226 commendent.
1495 2183 1778 2239 Angelorum
1815 2197 1944 2239 opem
1976 2182 2081 2224 assi-

347 2257 446 2310 due,
486 2256 726 2313 praecipue
768 2269 875 2298 vero
909 2256 1075 2312 Angeli
1119 2255 1319 2298 custodis
1358 2255 1612 2312 implorent.
1675 2254 1945 2296 Modestiam
1985 2258 2081 2295 tum

349 2328 458 2369 alibi
490 2343 682 2385 semper,
723 2332 821 2370 tum
852 2328 901 2368 in
934 2328 1104 2384 templo
1146 2330 1280 2383 atque
1310 2326 1595 2383 potissimum
1627 2325 1675 2366 in
1707 2325 1859 2367 schola
1890 2328 2081 2368 servent-

486 2398 558 2444 15.
622 2399 677 2440 In
709 2398 842 2440 rebus
874 2397 1069 2454 denique
1100 2402 1235 2453 atque
1257 2397 1509 2439 actionibus
1527 2396 1737 2438 omnibus
1758 2396 1822 2438 ita
1843 2411 1888 2438 se
1907 2399 2081 2452 gerant,

348 2474 399 2510 ut
430 2469 564 2510 facile
596 2469 746 2525 quivis
777 2469 1023 2525 intelligat,
1057 2484 1129 2511 eos
1161 2484 1252 2510 11011
1284 2468 1433 2510 minus
1464 2467 1690 2510 virtutum
1730 2467 1940 2523 vitaeque
1970 2465 2083 2507 inte-

347 2540 530 2595 gritatis
563 2556 654 2583 esse
688 2556 824 2597 quam
856 2541 1090 2583 literarum
1122 2539 1442 2594 doctrinaeque
1473 2537 1711 2580 studiosos.

875 2717 1132 2797 Regulae
1177 2714 1551 2780 Academiae.

498 2825 537 2871 l.
600 2826 873 2868 Academiae
904 2825 1086 2867 nomine
1118 2823 1418 2877 intelligimus
1451 2827 1626 2864 coetum
1658 2823 1964 2863 studiosorum
1998 2822 2084 2875 (in-

350 2900 476 2952 uenio
517 2903 555 2939 et
587 2899 750 2952 pietalc
791 2896 1136 2951 praes-{cmtsesszmz)
1179 2909 1232 2935 ex
1274 2893 1484 2936 omnibus
1521 2893 1800 2935 scholasticis
1847 2892 2082 2945 delectum,

500 3005 509 3024 ¹
537 3016 581 3038 m.
611 3004 790 3045 „scllola.“
1223 3001 1237 3019 ²
1262 3000 1338 3035 Alii
1367 3000 1555 3042 ‚,scholis.“

498 3064 510 3083 ³
536 3065 580 3098 In
605 3063 671 3098 der
697 3068 820 3097 ersten
846 3061 1023 3106 Ausgabe
1048 3070 1124 3094 war
1149 3059 1212 3094 der
1238 3059 1387 3094 Beisatz
1417 3059 1509 3101 „nisi
1534 3060 1631 3094 forte
1658 3057 1954 3093 hae1·eticoru¹n.“
2008 3056 2083 3090 Das

356 3123 585 3167 burgerliche
610 3124 747 3158 Gesetz
776 3122 953 3157 bestrat'te
991 3119 1149 3155 ehemals
1187 3118 1257 3154 den
1295 3118 1566 3164 hartnaokigen
1594 3119 1728 3153 Iri-tum
1756 3116 1804 3151 im
1830 3115 1998 3151 (xllauben
2025 3114 2078 3148 als
