2143 3462
331 231 416 273 338

330 354 614 398 Prooemium
648 368 699 395 ac
731 351 914 409 septimi
946 353 992 391 et
1015 347 1179 390 duode-

331 427 437 469 cimi
469 424 575 467 libri
607 427 757 465 textus
788 435 955 476 magna
976 433 1031 461 ex
1052 421 1178 475 parte

332 497 574 552 diligenter
605 493 873 550 explicetur3
913 491 961 532 in
993 487 1177 531 caeteris

332 568 459 609 libris
509 565 761 620 seligantur
810 577 865 603 ex
904 573 1177 615 unoquoque

333 638 517 695 quidam
537 634 767 693 praecipui
795 636 944 674 textus
963 642 1180 685 tanquam

334 709 630 751 fundamenta
683 702 1017 760 quaestionum,
1068 713 1181 755 quae

336 780 393 822 ad
423 775 821 833 Methaphysicum
853 771 1092 830 pertinent.

483 848 553 895 12.
626 847 919 900 Summopere
1001 845 1185 883 conetur

340 919 680 964 Aristotelicum
712 920 889 957 textum
916 914 1030 955 bene
1050 912 1188 954 inter-

339 991 527 1050 pretari,
575 989 622 1030 in
671 1001 811 1042 eoque
852 984 996 1027 nihilo
1040 983 1189 1025 minus

342 1077 514 1120 operae,
567 1073 701 1115 quam
751 1057 800 1098 in
851 1053 1192 1112 quaestionibus

322 1134 543 1176 ·0‹›1100et.
597 1128 897 1171 Auditoribus
930 1126 1066 1168 etiam
1097 1138 1193 1182 per-

344 1204 545 1257 suadeat,
579 1200 789 1242 mutilam
822 1197 955 1241 valde
988 1212 1040 1238 ac
1072 1209 1195 1237 man-

344 1291 441 1318 cam
455 1274 656 1317 futuram
670 1268 1014 1326 Philosophiam
1028 1281 1195 1320 eorum,

346 1346 510 1402 quibus
542 1343 589 1385 id
610 1341 750 1384 studii
771 1342 820 1383 in
840 1340 986 1397 pretio
1008 1352 1101 1380 non
1123 1337 1196 1378 sit.

492 1415 566 1461 13-
630 1412 819 1462 Quoties
848 1410 1010 1452 incidit
1031 1409 1079 1450 in
1100 1412 1197 1449 tex-

252 1464 328 1479 ψη...

135 1504 146 1517 x
187 1502 201 1517 ¹¹
352 1494 425 1529 tus
457 1487 632 1542 aliquos
655 1482 897 1526 admodum
930 1480 1124 1522 celebres
1156 1481 1200 1519 et

344 1558 509 1615 jactari
549 1571 680 1613 saepe
720 1554 877 1596 solitos
914 1552 962 1594 in
1001 1551 1201 1607 disputa-

349 1630 562 1683 tionibus,
596 1642 670 1669 eos
702 1628 908 1668 accurate
939 1621 1199 1680 perpendat,

351 1699 673 1743 illustrioribus
718 1696 890 1752 aliquot
936 1694 1202 1750 interpreta-

353 1772 556 1815 tionibus
579 1770 698 1811 inter
720 1783 764 1810 se
786 1765 977 1821 collatis,
999 1769 1064 1820 ut,
1086 1777 1201 1820 quae

352 1843 516 1899 quibus
548 1838 838 1882 anteferenda
877 1837 957 1892 sit,
989 1851 1043 1878 ex
1076 1837 1201 1876 ante-

354 1912 617 1956 cedentibus
640 1914 684 1952 et
709 1906 1085 1965 consequentibus
1105 1919 1204 1962 pos-

355 1985 414 2026 sit
440 1981 653 2038 intelligi,
687 1981 760 2022 vel
782 1995 836 2021 ex
867 1978 917 2022 vi
947 1977 1098 2035 graeci
1117 1990 1205 2018 ser-

356 2055 523 2108 monis,
562 2053 636 2096 vel
673 2066 727 2094 ex
771 2050 963 2093 aliorum
1006 2049 1206 2090 locorum

358 2124 683 2178 observatione,
715 2123 789 2165 vel
821 2137 875 2164 ex
907 2119 1208 2177 insigniorum

358 2198 657 2253 interpretum
680 2193 964 2246 auctoritate,
990 2191 1065 2234 vel
1088 2189 1210 2232 deni-

360 2284 446 2325 que
469 2282 524 2310 ex
546 2265 787 2308 momentis
808 2263 1053 2306 rationum.
1094 2262 1211 2303 Tum

362 2341 543 2382 demum
580 2337 792 2380 veniatur
834 2335 891 2376 ad
931 2332 1211 2375 dubitatiun-

363 2411 486 2453 culas
527 2407 745 2465 quasdam
782 2420 874 2448 non
914 2404 1108 2447 nimium
1140 2417 1212 2444 ex-

364 2481 603 2537 quirendas
636 2477 837 2534 quidem,
877 2476 971 2530 sed,
1011 2474 1049 2516 si
1086 2473 1213 2529 cujus

366 2551 577 2594 momenti
613 2556 732 2604 sunt,
765 2563 857 2590 non
889 2545 1175 2589 omittendas.

510 2691 581 2738 14.
645 2691 867 2746 Magnum
906 2688 1043 2730 etiam
1081 2699 1214 2742 quae-

365 2765 564 2806 stionum
597 2760 821 2802 de]ectum
861 2759 1044 2812 habeat3
1086 2760 1130 2797 et
1167 2769 1218 2796 ea

370 2834 565 2892 quidem,
589 2845 701 2886 quae
724 2844 815 2872 non
834 2844 888 2871 ex
909 2829 1007 2886 ipsa
1027 2827 1216 2869 Aristot.

369 2902 676 2962 disputatione
725 2905 994 2954 nascuntur,
1041 2896 1117 2940 sed
1164 2910 1217 2937 ex

369 2975 600 3019 occasione
655 2971 905 3028 cujuspiam
962 2966 1219 3020 axiomatis,

371 3046 491 3103 quaid
513 3045 550 3086 is
579 3042 725 3084 obiter
753 3042 870 3083 inter
894 3037 1220 3096 disputandum

373 3125 571 3174 usurpat,
604 3116 641 3157 si
678 3114 778 3155 aliis
810 3113 857 3152 in
889 3110 1017 3152 libris
1047 3107 1219 3167 propri-

560 236 669 272 Ratio
695 233 899 271 studiorum
926 236 964 267 et
988 227 1245 266 institutiones
1271 222 1512 262 scholasticae
1537 217 1736 258 Societatis
1760 215 1850 256 Jesn
1873 214 1912 254 11

1219 357 1387 414 planet,
1419 352 1587 411 species
1617 346 2065 405 argumentationum

1218 432 1262 469 et
1291 424 1553 483 praesertim
1574 420 1941 478 syllogismorum
1967 431 2068 473 ape-

1216 498 1318 552 riat,
1360 510 1550 552 suosque
1582 490 1826 548 discipulos
1856 488 1904 530 in
1935 502 2068 543 argu-

1219 566 1464 611 mentando
1497 564 1740 620 diligenter
1771 562 1989 602 exerceat.

1361 638 1438 684 19.
1487 638 1871 687 [Οι·ἰ’ῡθι’ἰανθι·ἰί;θ,ῑίε.]
1915 631 2073 672 Deve-

1220 711 1356 753 ritate
1379 724 1429 751 ac
1450 707 1653 750 falsitate
1674 705 1741 747 ita
1762 717 1835 746 eos
1854 702 2073 757 instruat,

1223 787 1276 824 ut
1306 781 1427 836 leges
1460 778 1578 821 clare
1609 775 1874 833 percipiant,
1907 771 2073 828 quibus

1225 867 1383 896 verum
1429 865 1455 892 a
1501 848 1616 890 falso
1668 844 1865 889 discerni
1913 845 2077 900 potest.

1228 923 1404 965 indicia
1418 920 1561 977 igitur
1579 933 1657 960 seu
1677 916 1858 959 criteria
1873 911 2080 958 veritatis

1228 1007 1468 1048 eorumque
1476 991 1623 1033 fontes
1638 993 1682 1031 et
1698 988 1973 1031 characteres
1983 983 2080 1026 fuse

1233 1081 1284 1107 ac
1316 1064 1459 1107 solide
1491 1064 1701 1119 exponat.

1354 1171 1434 1218 20.
1516 1170 1864 1219 [Demonstrationis
1882 1168 2021 1213 species
2049 1171 2086 1201 et

1237 1243 1390 1288 regulae
1416 1240 1610 1286 generales
1637 1237 1788 1272 criticae
1808 1241 1846 1270 et
1870 1235 2083 1269 hermeneu-

1240 1308 1362 1353 tinae]
1421 1298 1669 1342 Scientiam
1692 1301 1738 1338 et
1758 1295 1906 1349 fidem,
1940 1292 2086 1350 opini-

1240 1388 1390 1426 onem,
1440 1368 1750 1426 ignorantiam
1801 1370 1846 1408 et
1895 1377 2088 1406 errorem

1239 1448 1358 1487 recte
1397 1442 1659 1498 dignoscere
1699 1437 1862 1491 faciat,
1909 1435 2090 1477 demon-

1240 1513 1473 1557 strationis
1524 1510 1691 1568 species
1742 1508 1966 1564 legesque,
2026 1519 2091 1546 re-

1241 1587 1370 1643 gulas
1408 1582 1639 1641 generales
1679 1580 1787 1622 artis
1826 1577 2009 1621 criticae
2048 1581 2092 1616 et
2124 1579 2126 1583 '

1240 1654 1614 1708 hermeneuticae,
1646 1667 1698 1694 ea
1729 1651 1910 1693 demum
1941 1648 2094 1690 omnia

1240 1729 1494 1787 pertractet,
1517 1739 1631 1781 quae
1654 1722 1711 1765 ad
1732 1719 2093 1777 cognoscendum

1241 1800 1547 1854 tuendumque
1578 1794 1815 1838 Veritatem
1847 1792 2033 1835 ducunt.

1428 1931 1522 1980 Pro
1561 1927 1907 1992 Metaphysica.

1388 2036 1462 2083 21.
1534 2040 1647 2086 [Quae
1699 2036 1854 2073 materia
1891 2033 2097 2070 tractanda.

1250 2113 1475 2157 Outologia.]
1522 2106 1577 2147 In
1615 2104 1761 2161 prima
1796 2104 1943 2160 parte,
1983 2112 2097 2155 quae

1250 2177 1540 2233 ontologia
1586 2175 1771 2229 dicitur,
1819 2171 2099 2229 explicentur

1250 2251 1397 2309 prima
1419 2245 1822 2290 demonstrationis
1852 2241 2098 2300 principia,

1250 2321 1548 2379 proprietates
1562 2323 1606 2360 et
1623 2315 1794 2374 species
1817 2313 1992 2356 entium
2009 2326 2100 2353 ma-

1252 2393 1372 2435 xime
1401 2388 1690 2442 universales,
1713 2385 1945 2439 attributa,
1966 2381 2102 2436 modi,

1251 2463 1491 2506 relationes
1509 2475 1578 2515 20„
1596 2456 1866 2512 substantia,
1884 2454 2102 2507 accidens,

1254 2535 1345 2589 vis3
1378 2531 1600 2590 principia
1619 2535 1664 2572 et
1684 2543 1860 2582 causae3
1890 2525 2103 2583 spatium,

1255 2608 1394 2659 locus,
1428 2602 1620 2657 duratio,
1653 2605 1850 2657 tempus;
1884 2600 2032 2639 motus
2051 2609 2104 2639 zc.

1399 2674 1477 2721 22.
1543 2675 1816 2726 [Cosmologia.]
1893 2668 1949 2710 In
2001 2680 2107 2709 008-

1258 2747 1501 2802 mologia
1562 2746 1779 2786 tractetur
1827 2739 1881 2782 de
1932 2737 2107 2793 origine

1257 2818 1435 2872 mundi,
1476 2816 1531 2858 de
1570 2812 1831 2871 corporibus
1868 2822 2108 2865 eorumque

1257 2888 1508 2942 elementis,
1541 2886 1596 2928 de
1627 2882 1904 2942 perfectione
1936 2878 2109 2934 mundi,

1258 2962 1312 3003 de
1344 2964 1510 3002 natura
1541 2957 1723 3013 ejusque
1744 2953 1935 3008 legibus,
1969 2951 2022 2992 de
2045 2949 2109 2991 ef-

1256 3032 1449 3074 fectibus
1466 3024 1886 3086 supernaturalibus
1898 3026 1943 3064 et
1957 3022 2010 3063 de
2024 3020 2108 3063 cri-

1259 3103 1380 3146 tcriis
1404 3101 1499 3144 veri
1522 3096 1741 3151 miraculi,
1770 3096 1832 3136 ita
1855 3098 2022 3147 tamen,
2046 3096 2121 3146 ut„
