2153 3467
100 947 312 977 Argumentum

121 982 287 1007 scribendi.

87 1658 296 1684 Grammaticae

102 1695 270 1726 praelectio.

91 1825 285 1851 Coucertatio.

341 175 428 217 448
526 185 634 220 Ratio
662 185 865 221 studiorum
890 190 929 221 et
953 185 1208 223 institutiones
1234 186 1476 222 scholasticae
1503 187 1702 224 Societatis
1728 189 1818 225 Jesu
1843 189 1880 224 II

484 304 635 346 Primo
667 308 813 346 totam
835 305 1118 348 continenter
1138 305 1406 363 pronunciet
1428 304 1610 361 ejusque
1635 311 1951 362 argumentum
1975 307 2071 349 bre-

339 374 521 417 vissime
548 374 678 430 vulgi
699 389 899 417 sermone
929 377 1216 433 perstringat.
1245 402 1296 406 —-
1321 375 1527 418 Secundo
1546 376 1781 432 periodum
1805 377 1862 419 ad
1882 378 2070 420 verbum

339 445 521 500 vulgari
538 460 740 487 sermone
757 446 1091 503 interpretetur.
1108 474 1155 477 —-
1180 447 1335 488 Tertio
1353 462 1378 488 a
1397 448 1541 503 capite
1554 462 1782 490 recurrens
1799 452 2071 491 structuram

339 516 522 571 indicet,
556 520 601 558 et
631 516 867 573 periodum
887 522 1104 571 retexenS,
1138 531 1251 573 quae
1278 517 1417 559 verba
1439 532 1550 573 quos
1572 533 1699 561 casus
1719 524 1892 574 regant,
1926 523 2072 561 osten-

339 587 436 641 dat3
481 587 694 644 pleraque
725 588 783 630 ad
815 588 1059 645 explicatas
1091 588 1411 644 grammaticae
1442 588 1563 644 leges
1601 589 1862 646 perpendat,
1902 589 2071 632 latinae

338 658 523 714 linguae
564 658 924 701 observationem
962 673 1100 700 unam
1143 663 1220 701 aut
1253 659 1455 713 alteram,
1506 659 1583 701 sed
1624 674 1758 715 quam
1790 659 2070 716 facillimam,

340 729 509 783 afferat,
550 729 833 785 metaphoras
868 729 1083 786 exemplis
1114 744 1263 771 rerum
1295 730 1629 772 notissimarum
1662 730 1953 786 demonstret,
1991 746 2073 773 nec

339 800 596 856 quicquam,
618 800 707 842 nisi
730 800 845 842 forte
866 805 1186 856 argumentum
1207 800 1363 845 dictet.
1389 826 1436 831 —
1459 800 1630 850 Quarto
1654 801 1886 858 scriptoris
1905 802 2071 844 iterum

338 871 476 914 verba
506 871 638 927 vulgi
669 884 870 912 sermone
903 870 1122 913 decurrat.

489 942 527 988 7.
561 941 839 983 Dictandum
872 946 1189 998 argumentum
1369 943 1406 988 7.
1440 943 1720 985 Dictandum
1755 948 2073 1000 argumentum

339 1014 564 1056 scribendi
596 1013 726 1069 vulgi
759 1028 961 1056 sermone
994 1014 1050 1057 ad
1092 1029 1191 1056 ver-
1228 1013 1453 1055 scribendi
1484 1013 1615 1069 vulgi
1654 1028 1857 1056 sermone
1889 1014 1946 1056 ad
1976 1029 2073 1056 ver-

337 1085 458 1139 bum,
490 1085 776 1142 perspicuum
812 1099 896 1126 nec
927 1084 1018 1127 fere
1049 1086 1187 1128 versi-
1226 1085 1349 1139 bum,
1381 1085 1679 1142 perspicuum,
1711 1085 1831 1141 quod
1863 1085 1919 1126 ad
1949 1100 2073 1142 prae-

336 1157 418 1198 bus
459 1156 691 1212 quaternis
729 1156 923 1212 longius,
970 1156 1090 1212 quod
1130 1157 1188 1198 ad
1225 1161 1353 1213 cepta
1404 1156 1728 1212 grammaticae
1786 1156 2072 1212 potissimum

336 1232 574 1285 praecepta
629 1227 953 1283 grammaticae
1005 1227 1186 1284 potissi·
1224 1226 1464 1281 referatur3
1489 1227 1620 1283 eique
1641 1227 1853 1283 discipuli
1874 1227 2072 1283 aliquam

335 1313 458 1340 mum
497 1296 740 1351 referatur3
789 1298 917 1353 eique
955 1297 1186 1340 interdum
1226 1302 1460 1341 auctorum
1491 1299 1748 1342 versionem

334 1369 547 1427 discipuli
588 1369 788 1426 aliquam
821 1369 1052 1411 Ciceronis
1090 1369 1188 1411 bre-

334 1457 437 1484 vem
469 1441 723 1485 versionem

334 1519 413 1557 aut
443 1513 719 1556 locutionem
750 1527 805 1554 ex
836 1512 1111 1569 praescripto
1144 1511 1364 1568 syntaxis,
1397 1516 1476 1555 aut
1507 1527 1559 1555 ea
1589 1512 1699 1568 ipsa,
1734 1526 1848 1568 quae
1879 1517 1986 1554 sunt
2016 1527 2070 1554 ex

334 1586 507 1643 graecis
521 1583 792 1628 rudimentis
813 1583 1062 1638 ediscenda,
1081 1588 1160 1626 aut
1177 1583 1267 1625 alia
1284 1583 1332 1625 id
1352 1598 1495 1639 genus
1516 1583 1796 1625 subscribere
1813 1582 2068 1639 Jubeantur.

474 1657 517 1703 8.
542 1655 875 1700 Grammaticae
885 1654 1126 1712 praelectio
1133 1669 1226 1697 non
1236 1654 1325 1697 nisi
1338 1654 1518 1711 singula
1530 1654 1586 1696 ad
1597 1669 1823 1696 summum
1832 1659 2071 1711 praecepta

331 1729 573 1781 contineat,
607 1742 720 1783 quae
751 1726 840 1768 nisi
871 1727 982 1768 bene
1012 1730 1225 1784 percepta
1255 1725 1362 1785 sint,
1395 1725 1452 1768 ad
1484 1725 1574 1768 alia
1603 1739 1695 1768 non
1729 1726 1949 1768 veniatur.

473 1799 518 1846 9.
553 1797 838 1842 Concertatio
871 1812 947 1839 seu
980 1797 1245 1840 exercitatio
1278 1797 1364 1839 sita
1387 1796 1472 1838 erit
1505 1802 1600 1838 tum
1632 1796 1681 1838 in
1712 1796 1781 1851 iis,
1815 1811 1928 1852 quae
1957 1796 2069 1838 alter

333 1872 534 1914 aemulus
565 1872 614 1912 in
646 1870 831 1912 alterius
864 1869 1108 1926 scriptione
1140 1867 1495 1926 deprehenderit,
1527 1872 1626 1910 tum
1648 1867 1697 1910 in
1721 1867 1789 1922 iis,
1821 1867 1870 1909 in
1903 1867 2067 1923 quibus

331 1943 478 2001 prima
509 1942 620 1985 hora
653 1947 760 1990 (1832
787 1958 854 1981 om.
884 1958 957 1990 „pn
985 1948 1057 1991 ll.“)
1094 1956 1138 1983 se
1181 1940 1475 1995 exercuerint,
1514 1939 1841 1996 proponendis;
1890 1944 1988 1982 tum
2019 1940 2067 1981 in

331 2014 597 2070 vulgaribus
616 2015 897 2069 (vernaculis)
914 2011 1219 2055 locutionibus
1232 2011 1430 2054 invicem
1443 2010 1500 2053 ad
1517 2010 1724 2067 syntaxis
1741 2011 2067 2067 praescriptum

331 2085 564 2141 exigendis
588 2083 964 2141 (faciendumque,
986 2088 1038 2125 ut
1068 2083 1341 2126 locutionem
1362 2081 1640 2139 propositam
1661 2081 1817 2123 statim
1835 2081 1912 2137 qui
1931 2081 2067 2123 inter-

329 2161 516 2213 rogatur
543 2156 702 2198 iisdem
734 2155 895 2197 reddat
926 2154 1078 2197 verbis
1109 2168 1297 2210 eamque
1318 2153 1545 2210 paulisper
1575 2152 1818 2195 meditatus
1839 2167 1932 2195 non
1962 2167 2061 2195 ver-

336 2228 488 2282 batim,
521 2227 611 2282 sed,
636 2230 856 2283 quantuni
880 2226 977 2268 fieri
1000 2230 1163 2283 potest,
1196 2229 1341 2267 totam
1364 2224 1499 2266 simul
1522 2223 1664 2265 latine
1685 2223 1870 2279 efferat),
1891 2228 1990 2266 tum
2013 2223 2062 2266 in

331 2298 658 2341 difficilioribus
690 2297 951 2340 nominibus
983 2313 1035 2339 ac
1066 2296 1228 2351 verbis,
1262 2311 1375 2352 quae
1403 2294 1665 2352 praesertim
1690 2294 1739 2336 in
1762 2295 2062 2352 praelectione

331 2370 620 2424 occurrerint,
654 2370 728 2411 vel
760 2368 1012 2411 continenti
1034 2368 1107 2410 vel
1138 2367 1395 2423 interrupto
1428 2381 1611 2408 casuum
1637 2381 1690 2409 ac
1716 2370 1969 2424 temporum
1991 2381 2060 2408 or-

332 2441 449 2496 dine,
481 2441 554 2484 vcl
581 2440 774 2497 singulis
796 2455 874 2497 per
906 2455 964 2494 se,
997 2439 1071 2482 vel
1094 2438 1338 2495 conjuncto
1361 2437 1494 2479 simul
1515 2437 1737 2493 adjectivo
1760 2436 2063 2479 substantivo-

330 2528 415 2569 que
447 2518 491 2554 et
510 2512 777 2569 pronomine
809 2510 1106 2565 inflectendis,
1139 2515 1240 2553 tum
1259 2509 1308 2551 in
1328 2508 1689 2551 rudimentorum
1721 2508 2062 2551 definitionibus

329 2590 374 2627 et
405 2585 620 2641 exemplis
652 2583 943 2641 proferendis,
977 2588 1076 2625 tum
1107 2582 1156 2624 in
1187 2581 1429 2623 verborum
1459 2580 1730 2622 flexionibus
1762 2595 1815 2622 ex
1847 2580 1992 2621 latino
2013 2579 2062 2621 in

329 2655 567 2713 patrium1,
601 2670 654 2696 ex
677 2655 848 2712 patrio2
879 2669 1083 2696 sermone
1111 2653 1159 2695 in
1179 2652 1374 2694 latinum
1397 2651 1597 2693 celeriter
1618 2651 1860 2705 vertendis,
1893 2655 1991 2692 tum
2013 2650 2062 2692 in

329 2727 399 2780 iis,
420 2741 534 2782 quae
555 2726 706 2768 activa
727 2740 835 2768 voce
858 2725 980 2767 dicta
1001 2729 1119 2779 sunt,
1147 2723 1326 2781 passive
1348 2722 1595 2777 efferendis,
1618 2726 1716 2764 tum
1738 2722 1786 2763 in
1807 2721 2062 2779 praeteritis

329 2802 374 2840 et
390 2796 575 2855 supiniS,
593 2800 690 2838 tum
707 2797 755 2838 in
764 2797 1000 2838 nominum
1013 2795 1167 2851 generi
1175 2794 1254 2836 bus
1271 2797 1316 2836 et
1323 2793 1513 2848 casibus,
1532 2807 1824 2849 quaecunque
1835 2792 2062 2849 proposita

329 2868 526 2923 fuerunt,
557 2867 812 2909 indicandis
843 2871 888 2909 et
918 2867 1079 2910 horum
1119 2864 1343 2907 similibus
1376 2865 1434 2907 ad
1466 2865 1774 2922 Praeceptoris
1806 2863 2060 2905 arbitrium.

476 2975 485 2994 ¹
513 2985 559 3009 m.
589 2973 835 3018 „vulgarem“.

475 3034 489 3054 ²
515 3045 560 3068 m.
589 3033 791 3079 „vulgari“.
