2148 3402
636 198 680 233 R.
706 202 752 233 st.
782 198 882 233 1586.
919 198 1086 232 studium
1111 198 1241 241 philos.
1711 185 1794 228 139

105 316 323 359 librorum
355 316 409 358 de
441 316 574 359 Coelo
607 315 805 359 breuiter
834 316 1212 373 perstringantur,
1243 329 1410 370 magna
1432 314 1568 356 etiam
1589 330 1642 357 ex
1671 317 1796 371 parte

103 391 455 444 praetereantur:
496 402 579 429 neo
615 391 864 430 tractentur
905 387 1206 443 quaestiones,
1247 387 1336 428 nisi
1379 400 1547 442 paucae
1575 387 1580 440 Ι
1608 385 1662 427 (16
1693 386 1793 427 Ele-

103 457 280 513 mentiS,
312 457 366 500 de
399 459 533 501 Coelo
565 463 713 500 autem
744 473 857 515 quae
888 458 1046 501 disseri
1077 458 1234 512 solent,
1273 456 1590 512 relinquantur
1620 456 1795 497 Mathe-

103 528 288 583 matieo,
331 533 643 586 praeterquam
682 529 736 572 de
779 529 1038 572 substantia
1075 528 1189 571 coeli
1223 532 1267 570 et
1306 527 1359 569 de
1397 526 1675 583 Influentijs3
1717 527 1795 569 vbi

102 613 207 641 vero
239 615 331 641 non
363 604 430 642 est
459 599 689 643 Professor
719 600 1079 654 MathematicUS,
1110 600 1271 642 harum
1302 613 1452 640 rerum
1484 598 1677 654 epitome
1709 602 1797 640 tra-

103 669 236 712 datur
256 686 281 712 a
302 671 590 728 Philosopho.
637 671 763 714 Libri
793 671 1260 727 Meteorologicorum,
1293 670 1330 711 si
1350 673 1497 724 vacat,
1529 668 1797 724 redigantur

101 740 150 782 in
180 741 516 798 compendium:
549 757 808 799 quanquam
840 742 1089 800 optandum
1121 742 1272 799 potius
1303 745 1430 795 esset,
1463 744 1514 782 vt
1543 740 1574 795 ij
1607 740 1713 782 libri
1745 754 1795 781 eo

102 815 313 869 tempore,
347 828 435 869 quo
467 813 617 856 studia
647 814 961 869 remittuntur,
1001 828 1101 856 cum
1139 828 1231 856 vna
1268 817 1448 855 tantum
1479 811 1527 853 in
1559 811 1631 853 die
1662 811 1797 853 habe-

100 886 174 925 tur
193 883 340 939 lectio,
373 889 704 942 exponerentur
726 885 782 927 ab
810 900 900 928 vno
929 885 1079 942 aliquo
1102 883 1460 926 extraordinario
1483 884 1792 940 Praeceptore,

98 953 170 996 vel
202 954 257 996 ab
288 955 384 1012 ipso
417 956 708 1013 Praeceptore
740 957 923 1012 Cursus,
955 957 994 999 si
1025 960 1174 1014 posset
1214 960 1259 998 et
1297 955 1456 1009 vellet,
1488 954 1653 997 vltima
1683 953 1794 995 hora

97 1025 443 1081 pomeridiana.¹
489 1027 537 1069 Si
569 1027 689 1070 enim
710 1029 911 1071 Meteora
931 1027 1125 1071 secundo
1150 1027 1223 1071 vel
1243 1026 1377 1069 tertio
1399 1039 1516 1068 anno
1538 1025 1795 1067 inserantur

98 1095 335 1153 ordinarijs
366 1098 649 1154 lectionibuS,
681 1099 777 1142 fieri
808 1100 936 1142 nulla
968 1100 1144 1142 ratione
1174 1102 1336 1156 potest,
1370 1097 1480 1154 quin
1511 1101 1689 1154 tempus
1720 1111 1795 1137 ne-

99 1168 338 1210 cessarium
368 1170 666 1227 praeripiatur
694 1171 822 1213 libris
854 1171 1175 1228 Physicorum,
1207 1170 1281 1212 vel
1313 1169 1366 1211 de
1398 1169 1587 1223 Anima,
1626 1168 1699 1210 vel
1740 1167 1793 1209 de

99 1237 414 1282 Generatione.
476 1241 538 1283 Et
570 1242 807 1284 mutiletur
837 1257 1013 1285 necesse
1047 1246 1114 1284 est
1144 1241 1358 1284 tractatio
1390 1254 1543 1282 eorum
1575 1239 1793 1281 librorum

97 1312 231 1365 atque
262 1310 589 1369 interpretatio,
621 1313 700 1369 qui
731 1317 836 1356 sunt
867 1328 1019 1356 omnes
1051 1312 1375 1370 perdiligenter
1406 1309 1674 1368 explicandi.
1737 1309 1793 1351 In

95 1378 174 1421 lib.
209 1384 247 1424 1.
280 1381 334 1423 de
365 1383 665 1426 Generatione
699 1389 742 1427 et
772 1384 918 1441 primo
950 1385 1059 1427 item
1091 1384 1170 1426 lib.
1211 1383 1266 1425 de
1298 1382 1466 1425 Anima
1499 1381 1792 1437 antiquorum

97 1451 330 1508 opiniones
360 1454 559 1497 breuiter
591 1456 895 1513 attingantur:
928 1456 977 1497 in
1008 1455 1202 1498 secundo
1234 1469 1341 1497 vero
1372 1454 1489 1496 libro
1522 1452 1575 1495 de
1607 1452 1791 1496 Anima,

99 1524 313 1580 expositis
346 1527 571 1583 sensorijs,
602 1542 694 1570 non
715 1527 1029 1585 digrediantur
1050 1526 1317 1584 Philosophi
1348 1526 1396 1568 in
1418 1524 1712 1567 Anatomiam
1745 1528 1789 1564 et

99 1597 287 1650 caetera,
320 1611 432 1652 quae
463 1598 742 1641 Medicorum
774 1603 893 1641 sunt.
956 1598 1146 1641 Addant
1185 1598 1359 1655 potius,
1392 1596 1429 1638 si
1460 1599 1607 1651 vacat,
1641 1596 1790 1637 Parua

97 1665 347 1709 Naturalia.
393 1668 448 1710 In
468 1669 806 1726 Metaphysicis,
826 1675 1003 1727 praeter
1018 1669 1297 1728 prooemium
1317 1673 1360 1710 et
1381 1682 1594 1722 magnam
1616 1671 1789 1724 partem

99 1736 267 1792 quinti,
300 1739 491 1795 septimi,
525 1740 778 1783 duodecimi
815 1741 1053 1797 librorum,
1099 1755 1289 1797 quorum
1334 1743 1485 1781 textus
1531 1737 1789 1795 explicandi

96 1807 312 1851 videntur
344 1810 602 1868 diligenter,
634 1812 682 1855 in
715 1814 899 1856 caeteris
928 1828 1104 1855 necesse
1142 1827 1235 1855 non
1275 1816 1341 1853 est
1379 1810 1583 1853 ordinate
1613 1812 1789 1851 textum

96 1878 402 1937 interpretari:
446 1887 628 1939 possent
663 1884 844 1940 quidem
885 1884 933 1926 in
970 1898 1241 1940 vnoquoque
1278 1883 1394 1924 libro
1435 1881 1567 1937 seligi
1605 1879 1789 1936 quidam

94 1953 258 2006 textus,
282 1953 360 2008 qui
382 1953 474 1996 sint
494 1958 727 2012 tamquam
747 1955 1045 1998 fundamenta
1068 1954 1397 2012 quaestionum,
1431 1968 1545 2009 quae
1566 1952 1623 1994 ad
1645 1952 1788 1994 Meta-

93 2021 331 2078 physicum
362 2024 605 2081 pertinent,
638 2026 879 2070 dummodo
912 2027 966 2069 de
1000 2027 1240 2084 Supposito
1273 2030 1318 2067 et
1341 2029 1503 2067 natura
1523 2023 1639 2065 nihil
1666 2026 1672 2078 1
1701 2022 1786 2064 dis-

95 2096 279 2148 seratur,
312 2109 454 2150 neque
487 2096 539 2138 de
572 2097 683 2153 alijs,
717 2113 829 2154 quae
860 2098 1058 2156 pendent
1093 2113 1147 2140 ex
1178 2097 1445 2140 veritatibus
1476 2094 1697 2137 reuelatis.

238 2167 304 2208 19.
338 2166 610 2224 Magnopere
642 2169 890 2211 cauendum
923 2174 1001 2224 est,
1033 2185 1088 2211 ne
1122 2169 1168 2211 in
1198 2169 1325 2210 libris
1357 2166 1654 2223 Physieorum
1675 2167 1785 2208 Pro-

93 2233 278 2278 fessores
316 2237 477 2280 tandiu
514 2245 765 2296 morentur,
808 2245 860 2283 vt
897 2255 1061 2298 paucos
1100 2255 1270 2282 menses
1307 2243 1535 2281 reseruent
1573 2237 1700 2279 libris
1733 2236 1787 2278 de

94 2306 261 2349 Anima
292 2312 337 2350 et
368 2309 718 2367 Metaphysicae,
752 2327 864 2368 quae
884 2312 1098 2369 primaria
1119 2327 1220 2368 pars
1241 2315 1307 2352 est
1328 2309 1659 2366 Philosophiae,
1684 2322 1785 2350 cum

95 2378 353 2433 praesertim
375 2382 559 2423 caeteris
581 2383 628 2424 in
650 2383 790 2438 libris,
823 2383 1039 2440 quicquid
1061 2383 1330 2440 disputatur,
1352 2382 1602 2424 resoluatur
1622 2381 1784 2424 Vltimo

96 2447 144 2489 in
177 2449 403 2492 axiomata
434 2452 847 2510 Metaphysicorum
878 2455 952 2497 vel
983 2455 1031 2497 in
1070 2455 1243 2511 aliquot
1282 2453 1498 2496 librorum
1538 2453 1592 2494 de
1618 2452 1787 2494 Anima

97 2520 358 2562 sententias.
413 2521 560 2571 Quare
590 2523 638 2566 in
670 2524 724 2581 ijs
753 2526 942 2568 Nostros
965 2530 1141 2583 oportet
1172 2530 1351 2567 strenue
1380 2539 1473 2566 esse
1504 2523 1783 2578 exercitatos,

96 2593 140 2631 et
171 2590 272 2646 alijs
302 2592 453 2648 potius
485 2609 619 2650 quam
651 2595 751 2638 istis
782 2597 908 2639 libris
948 2596 1275 2639 detrahendum
1308 2600 1393 2649 est,
1427 2595 1465 2637 si
1498 2594 1607 2651 quid
1640 2594 1785 2636 detra-

95 2658 291 2704 hendum
322 2662 382 2704 sit
413 2678 492 2720 per
520 2667 734 2723 temporis
765 2669 1012 2724 angustias
1046 2668 1256 2724 quocirca
1288 2681 1405 2709 anno
1436 2666 1580 2723 primo
1613 2665 1784 2722 Logica

95 2731 352 2788 explicetur,
384 2749 502 2777 anno
533 2737 727 2780 secundo
757 2739 865 2782 libri
887 2739 1185 2796 Physicorum
1206 2753 1284 2796 per
1305 2753 1381 2780 sex
1402 2752 1586 2791 menses,
1620 2736 1783 2778 deinde

94 2801 198 2844 libri
231 2803 284 2846 de
316 2805 450 2848 Coelo
481 2811 526 2849 et
554 2809 674 2865 prior
693 2809 809 2852 liber
830 2810 884 2853 de
907 2810 1218 2854 Generatione.
1269 2810 1403 2851 Anno
1434 2807 1620 2850 tandem
1650 2807 1782 2849 tertio

94 2870 208 2915 liber
237 2875 455 2918 secundus
488 2877 541 2919 de
574 2879 876 2924 Generatione
908 2886 953 2923 et
984 2881 1091 2923 libri
1113 2881 1167 2923 de
1190 2881 1356 2923 Anima
1377 2895 1456 2938 per
1480 2879 1677 2936 quinque
1699 2877 1781 2918 cir-

97 2943 207 2987 citer
238 2961 436 2993 menses:
470 2947 643 2992 Deinde
674 2950 780 2994 libri
811 2952 1226 3010 Metaphysicorum
1256 2967 1336 3008 per
1357 2951 1554 3008 quinque
1577 2965 1653 2992 seu
1680 2963 1781 2992 cum

242 3101 252 3121 ¹
278 3100 331 3136 Im
359 3100 529 3147 Original
553 3103 822 3147 pomerediana.

1824 410 1852 433 p.
1877 401 1935 428 1⁹1.

1816 2048 1843 2071 p.
1867 2040 1927 2066 195.
