2143 3462
405 184 492 228 206
583 191 693 227 Ratio
720 192 924 228 studiorum
951 196 990 228 et
1014 191 1266 229 institutiones
1292 190 1535 227 scholasticae
1560 190 1756 227 Societatis
1782 190 1870 228 Jesu
1896 192 1935 227 II
2126 175 2137 274 ³,

282 329 383 361 mm.
550 315 616 356 13.
650 312 758 354 Esse
800 311 983 367 aliquod
1024 311 1111 354 Dei
1150 314 1460 367 praeceptum,
1507 323 1595 364 quo
1635 309 1735 364 quis
1780 310 1999 368 tenealtur
2045 312 2101 354 ad
2139 279 2143 335 l

403 383 550 424 Deum
581 397 626 424 se
658 387 938 437 conuertere,
977 397 1079 424 cum
1119 381 1316 439 primum
1355 380 1413 422 ad
1444 394 1575 422 vsum
1606 380 1795 422 rationis
1827 383 2100 438 peruenerit.

404 468 446 509 q.
480 456 550 498 89.
583 468 621 498 a.
654 457 694 498 6.

550 528 616 569 14.
649 525 857 567 Gratiam
889 538 980 565 esse
1012 522 1152 565 alium
1183 522 1392 564 habitum
1424 537 1450 564 a
1477 521 1689 567 Caritate.
1751 537 1792 578 q.
1829 526 1925 567 110.
1959 539 1997 566 a.
2032 527 2072 567 3.

550 598 616 640 15.
649 596 757 638 Sine
797 595 892 638 vlla
928 594 1147 650 qualitate
1186 593 1477 650 superaddita
1519 592 1691 635 dimitti
1734 598 1991 650 peccatum,
2039 609 2104 635 re-

403 682 606 724 pugnare
638 682 717 723 per
748 666 1006 708 absolutam
1039 665 1123 706 Dei
1156 665 1424 721 potentiam.
1488 679 1530 720 q.
1567 668 1663 709 113.
1697 680 1736 709 a.
1771 667 1810 709 2.

550 741 614 782 16.
648 739 791 779 Actus
827 751 979 779 omnes
1012 736 1244 777 moraliter
1275 735 1436 789 bonos,
1479 749 1589 791 quos
1629 736 1827 778 existens
1866 735 1913 777 in
1953 736 2102 790 gratia

403 807 528 861 facit,
560 823 640 850 nec
672 807 718 849 iu
751 807 897 849 Deum
929 807 1066 849 refert
1097 821 1313 864 expresse,
1345 822 1439 848 esse
1471 807 1737 852 meritorios,
1802 822 1843 862 q.
1873 809 1966 850 114.
2001 822 2040 848 a.
2063 810 2102 850 2.

931 951 1002 1000 Ex
1042 950 1266 1000 Secunda
1303 949 1571 1000 Secundae.

550 1062 586 1103 1.
622 1058 735 1101 Cum
755 1056 969 1100 scientiae
1001 1060 1105 1098 actu
1136 1055 1255 1099 circa
1287 1055 1407 1098 idem
1438 1055 1666 1098 obiectum
1689 1054 2103 1111 incompossibilem

406 1145 498 1171 esse
531 1133 684 1171 actum
714 1127 834 1170 fidei.
898 1142 938 1183 q.
964 1130 1001 1171 1.
1035 1142 1074 1169 a.
1098 1129 1138 1171 5.
1171 1132 1217 1169 et
1251 1130 1272 1171 1
1297 1127 1344 1169 ΙΙ
1376 1142 1417 1183 q.
1442 1129 1511 1171 67.
1545 1142 1584 1171 a.
1606 1129 1645 1172 3.

547 1203 586 1245 2.
620 1201 861 1243 Peccatum
899 1198 1089 1241 mortale
1128 1198 1346 1255 expellere
1386 1198 1635 1240 Caritatem
1685 1212 1776 1240 non
1820 1197 2104 1240 demeritorie

404 1277 600 1326 tantum,
633 1271 710 1313 sed
743 1275 789 1312 et
821 1269 1040 1314 effectiue.
1109 1269 1200 1313 111
1233 1284 1274 1325 q.
1300 1272 1398 1314 113.
1432 1284 1471 1314 a.
1493 1272 1532 1314 2.
1566 1274 1610 1311 et
1643 1272 1668 1313 2
1692 1269 1752 1311 ΙΙ.
1786 1284 1827 1325 q.
1852 1272 1921 1313 24.
1954 1284 1993 1310 a.
2018 1272 2083 1312 10.

546 1344 586 1387 3.
620 1340 859 1397 Diligendi
890 1340 1065 1383 inimici
1096 1340 1411 1383 difficultatem
1444 1355 1678 1396 nunquam
1710 1355 1802 1381 esse
1829 1344 2020 1394 tantam,
2051 1344 2104 1381 vt

404 1413 628 1469 diligendi
660 1411 794 1455 amici
826 1411 1144 1469 perfectionem
1179 1411 1379 1454 excedat.

1013 1557 1085 1606 Ex
1123 1556 1290 1606 Tertia
1328 1556 1485 1606 Parte.

550 1671 587 1710 1.
619 1665 768 1708 Adam
799 1679 891 1707 non
923 1669 1139 1721 peccante
1162 1663 1332 1705 Filium
1355 1662 1439 1703 Dei
1469 1660 1798 1704 incarnandum
1830 1675 1922 1702 non
1953 1660 2104 1702 fuisse.

405 1753 446 1794 q.
482 1742 520 1782 1.
555 1752 593 1779 a.
627 1745 667 1782 ὅ.

548 1811 588 1853 2.
621 1807 842 1850 Accidens
880 1811 925 1849 et
963 1807 1199 1848 materiam
1232 1805 1425 1862 primam
1458 1819 1483 1846 a
1514 1803 1670 1846 diuino
1704 1802 1947 1860 Supposito
1979 1816 2102 1844 assu-

405 1880 466 1922 mi
499 1894 550 1921 ac
582 1878 816 1921 terminari
847 1892 940 1920 non
973 1892 1114 1934 posse.
1178 1892 1220 1933 q.
1254 1880 1295 1921 4.
1331 1892 1370 1920 a.
1406 1880 1443 1920 1.

546 1952 585 1994 3.
620 1949 966 1992 Humanitatem
1005 1948 1187 2006 proprio
1226 1947 1514 1989 terminatam
1556 1945 1790 2003 supposito
1836 1959 1928 1987 non
1977 1958 2105 2001 posse

404 2024 569 2064 iterum
602 2036 628 2063 a
658 2020 809 2064 Verbo
842 2019 1087 2062 terminari.
1152 2034 1193 2075 q.
1227 2022 1266 2062 4.
1302 2033 1340 2060 a.
1375 2021 1414 2063 2.

543 2096 584 2136 4.
618 2091 876 2135 Secundum
915 2090 1203 2134 influentiam
1244 2089 1392 2132 meriti
1431 2089 1662 2132 Christum
1704 2102 1795 2130 non
1835 2102 1928 2129 esse
1970 2090 2106 2144 caput

403 2164 697 2220 Angelorum.
763 2179 804 2220 q.
840 2166 880 2207 8.
915 2177 952 2205 a.
986 2165 1026 2207 4.

547 2237 588 2280 5.
619 2235 724 2277 Non
756 2249 848 2277 esse
880 2234 929 2276 in
962 2233 1141 2276 Christo
1172 2233 1311 2275 reales
1343 2232 1455 2274 duas
1492 2231 1746 2273 filiationes.
1811 2245 1852 2286 q.
1887 2232 1955 2274 36.
1989 2244 2027 2270 a.
2062 2232 2102 2273 6.

279 2329 380 2362 pam.
544 2309 583 2350 6.
619 2305 931 2348 Characterem
969 2305 1192 2362 pertinere
1230 2304 1286 2346 ad
1319 2303 1562 2346 secundam
1594 2302 1786 2360 speciem
1815 2303 1819 2356 Ι
1848 2298 2106 2354 QualitatiS,

403 2383 448 2420 et
479 2391 570 2419 esse
602 2376 649 2419 in
681 2377 928 2431 intellectu,
962 2382 1181 2432 tanquam
1211 2377 1260 2417 in
1292 2374 1506 2418 subiecto.
1570 2388 1610 2430 q.
1645 2376 1714 2417 63.
1748 2388 1786 2414 a.
1821 2376 1860 2417 2.

546 2451 584 2491 7.
619 2448 864 2505 Apostolos
902 2447 1036 2490 initio
1075 2447 1327 2505 baptizasse
1363 2446 1446 2488 sub
1485 2445 1570 2487 hac
1617 2443 1782 2486 forma:
1836 2443 1885 2484 in
1922 2440 2105 2484 nomine

407 2518 592 2562 Christi.
657 2535 698 2576 q.
733 2522 802 2564 66.
838 2535 876 2562 a.
909 2523 949 2564 6.

550 2592 590 2634 8.
623 2591 697 2633 Ad
728 2590 1069 2633 iustificandum
1101 2588 1149 2631 in
1183 2588 1533 2632 Circumcisione
1572 2586 1813 2644 paruulum
1844 2598 1936 2627 non
1967 2582 2104 2625 fujsse

407 2660 516 2701 satis
561 2660 702 2701 solam
741 2660 1015 2716 Synagogae
1052 2659 1209 2713 fidem,
1257 2675 1371 2716 quae
1409 2659 1448 2701 ei
1488 2673 1566 2716 per
1605 2658 1789 2700 modum
1828 2653 2106 2698 Sacramenti

405 2730 722 2787 applicabatur
755 2731 812 2773 ab
843 2730 1107 2772 intendente
1140 2730 1286 2772 facere
1319 2729 1438 2786 quod
1471 2730 1730 2786 Synagoga.
1795 2742 1835 2783 q.
1871 2729 1938 2770 70.
1974 2741 2012 2769 a.
2046 2728 2085 2768 2.

548 2804 587 2845 9.
623 2801 795 2858 Corpus
829 2802 1022 2856 Christi,
1055 2806 1107 2843 vt
1138 2806 1204 2843 est
1235 2801 1283 2843 in
1315 2800 1623 2854 Eucharistia,
1664 2799 1808 2843 videri
1841 2803 1921 2840 aut
1952 2796 2103 2840 videre

404 2887 483 2930 per
515 2872 599 2914 Dei
641 2872 892 2929 potentiam
925 2886 1016 2914 non
1048 2886 1187 2929 posse.
1251 2887 1292 2928 q.
1326 2874 1394 2916 78.
1428 2887 1465 2913 a.
1500 2875 1539 2915 7.

550 2946 618 2988 10.
654 2943 880 2985 Amissam
922 2944 1117 2999 gratiam
1156 2947 1201 2984 et
1239 2957 1374 2999 opera
1408 2947 1591 2999 peccato
1624 2941 1897 2984 mortificata
1927 2953 2019 2981 non
2051 2951 2104 2979 ex

406 3020 502 3067 boto
535 3014 802 3056 reuiuiscere
836 3029 914 3070 per
936 3014 1285 3067 Poenitentiam,
1318 3013 1393 3055 sed
1426 3013 1555 3055 iuxta
1587 3013 1924 3070 proportionem
1956 3009 2101 3066 dispo-

404 3086 594 3130 sitionis,
658 3086 718 3128 Et
748 3099 854 3127 vero
888 3084 1167 3127 contrarium
1198 3083 1479 3141 probabilius
1514 3088 1592 3126 est.
1656 3099 1697 3140 q.
1729 3085 1799 3127 89.
1833 3096 1872 3124 a.
1905 3083 1944 3126 6.
