2148 3402
700 194 742 230 R.
770 200 814 231 st.
845 196 945 235 1586.
996 197 1149 238 Gradus.
1699 202 1781 246 113

85 306 247 348 Τ116363
279 309 451 364 aliquas
482 311 594 353 bene
626 313 920 357 defenderint.
983 319 1292 363 Baccalaureis
1325 338 1429 365 vero
1471 331 1776 382 praescriben-

85 376 192 418 dum
224 393 315 419 non
346 381 544 437 videtur,
578 388 629 426 vt
661 391 887 441 exponant
919 388 1112 443 aliquem
1146 391 1312 434 librum
1336 395 1677 442 Sententiarum
1710 404 1784 444 vel

83 447 356 504 Aristotelis,
391 452 426 491 si
459 454 664 495 nondum
696 470 776 497 sua
808 458 957 499 studia
990 460 1285 505 absolverint:
1327 465 1379 506 Id
1413 467 1534 508 enim
1565 484 1657 511 non
1690 477 1782 514 tam

84 518 357 575 adiumento,
391 538 521 578 quam
554 525 879 580 impedimento
907 535 986 571 est.
1045 532 1377 577 Baccalaureus
1407 537 1568 580 dehinc
1589 547 1783 585 caeteros

82 596 375 644 persequatur
406 599 545 648 actus,
578 596 741 650 quibus
773 601 964 653 peractis
996 602 1223 645 indicatur
1256 606 1321 647 1111
1354 608 1461 663 (1163,
1497 625 1585 665 quo
1607 627 1782 667 promo-

86 660 257 701 vendus
290 663 349 703 sit
381 664 436 705 ad
470 666 782 720 magisterium
816 684 893 711 seu
926 671 1223 730 doctoratum,
1268 678 1344 732 (1111
1378 684 1529 721 tamen
1564 682 1611 722 in
1645 685 1781 726 Sacra

79 730 326 787 Theologia
358 735 473 775 nulli
520 736 816 781 conferendus
864 746 942 796 est,
996 745 1074 799 qui
1112 747 1265 801 aliquo
1299 749 1537 793 Sacrorum
1572 754 1779 797 ordinum

80 801 294 844 initiatus
325 819 416 846 11011
450 806 520 847 sit.

221 877 258 916 7.
293 875 596 919 Promotionis
627 880 741 922 ritus
774 884 889 924 varii
928 885 1074 927 solent
1121 903 1212 930 esse
1262 906 1342 946 pro
1391 894 1634 950 multiplici
1665 897 1779 939 Aca-

78 941 325 986 demiarum
357 946 569 990 instituto
602 956 646 991 et
684 953 899 995 Gentium
949 958 1170 1001 moribus:
1234 962 1613 1018 Expeditissimus
1645 973 1689 1009 et
1721 970 1777 1011 ad

79 1013 468 1059 Constitutionuni
507 1020 841 1077 simplicitatem
874 1030 1235 1073 accommodatus
1274 1034 1454 1076 videtur
1485 1037 1583 1079 iste.
1656 1039 1777 1081 Ante

76 1086 374 1139 promotionis
421 1090 535 1132 diem
586 1094 856 1137 candidatus
903 1113 1053 1141 coram
1104 1102 1384 1146 Cancellario
1429 1121 1506 1148 seu
1539 1108 1775 1152 Praefecto

76 1159 143 1195 ter
174 1158 346 1212 aperiat
378 1160 632 1205 Bibliorum
664 1166 844 1221 librum,
890 1169 927 1209 si
977 1175 1043 1211 est
1074 1172 1343 1230 Theologus,
1395 1178 1467 1218 vel
1500 1178 1772 1236 Aristotelis,

75 1226 113 1267 31
144 1231 211 1268 est
242 1229 562 1287 Philosophus:
615 1250 669 1276 ex
701 1237 810 1279 locis
841 1240 930 1281 illis
963 1242 1121 1297 tribus,
1170 1260 1281 1299 quos
1314 1262 1420 1289 casu
1451 1249 1565 1291 liber
1596 1257 1774 1308 apertus

75 1297 299 1353 obiecerit,
348 1316 502 1357 Vnum,
552 1321 684 1360 quem
716 1310 940 1366 maluerit,
988 1314 1255 1358 candidatus
1287 1319 1459 1374 seliget,
1507 1336 1639 1376 quem
1670 1330 1771 1380 post

73 1367 241 1423 viginti
273 1376 466 1426 quatuor
496 1375 628 1418 horas
669 1382 873 1434 sequenti
904 1383 976 1424 die
1008 1391 1203 1441 exponat
1233 1388 1282 1429 in
1314 1389 1410 1432 loco
1442 1394 1753 1447 promotionis.

216 1444 255 1484 8,
287 1442 592 1488 Promotionis
624 1449 747 1491 106113
780 1452 838 1493 sit
869 1455 1021 1509 aliqua
1054 1457 1205 1499 classis
1237 1461 1429 1516 amplior
1459 1465 1656 1519 caeteris,
1696 1468 1768 1508 vel

73 1511 177 1552 aula
208 1514 383 1555 actibus
414 1520 458 1557 et
489 1521 850 1573 promotionibus
883 1525 1128 1569 destinata:
1194 1530 1432 1587 Templum
1466 1549 1643 1591 quoque
1675 1553 1767 1579 6336

73 1587 233 1637 posset,
267 1599 366 1626 cum
391 1587 661 1645 Theologiae
678 1592 951 1637 Doctoratus
983 1598 1225 1653 confertur,
1257 1617 1333 1644 3611
1357 1604 1654 1661 LicentiatUS,
1687 1609 1766 1651 vbi

72 1658 138 1693 est
159 1654 207 1695 in
227 1670 322 1700 17311.
371 1658 444 1698 Ad
471 1675 571 1701 eum
594 1676 699 1704 vero
720 1664 870 1707 locum
892 1668 1031 1710 altero
1056 1670 1126 1711 die
1148 1671 1257 1713 hora
1289 1688 1314 1714 3
1335 1675 1570 1718 Praefecto
1602 1680 1767 1721 consti-

73 1728 171 1766 tuta
210 1729 483 1771 conueniant
522 1746 673 1774 omnes
710 1738 987 1792 superiorum
1025 1740 1296 1785 facultatum
1337 1751 1382 1787 et
1415 1747 1690 1791 Professores
1723 1756 1768 1792 et

63 1795 309 1839 auditores:
372 1800 682 1846 insternantur
729 1808 903 1863 aliquot
955 1826 1137 1854 scamna
1184 1816 1426 1871 tapetibUS,
1475 1824 1519 1860 et
1562 1836 1615 1862 ex
1663 1823 1765 1864 sede

60 1867 194 1921 paulo
227 1869 428 1925 editiore,
476 1873 595 1915 infra
638 1880 791 1920 tamen
830 1881 1062 1937 Doctores,
1111 1886 1379 1929 candidatus
1425 1904 1551 1932 suam
1598 1892 1764 1935 habeat

61 1937 302 1981 lectionem
334 1943 469 1997 paulo
500 1945 751 2001 longiorem
798 1952 1037 1994 semihora:
1089 1956 1302 1999 aduersus
1349 1975 1451 2001 eum
1499 1962 1661 2005 deinde
1709 1965 1763 2006 de

61 2010 290 2065 proposita
331 2015 592 2067 quaestione
631 2018 720 2060 duo
752 2026 898 2065 tresve
930 2025 1147 2068 Doctores
1178 2028 1298 2070 intra
1331 2032 1599 2075 semihoram
1631 2050 1762 2091 argu-

59 2085 337 2124 mententur:
380 2088 478 2126 tum
509 2094 741 2142 promotor
772 2094 867 2147 (qui
899 2110 991 2137 6336
1024 2097 1159 2139 debet
1192 2101 1417 2144 ordinarie
1452 2104 1757 2149 Cancellarius

57 2164 136 2191 seu
167 2152 427 2196 Praefectus
474 2159 738 2215 studiorum,
786 2164 873 2206 nisi
920 2171 1230 2212 exonerandus
1271 2173 1503 2216 videretur
1547 2191 1757 2219 nonnun-

56 2235 191 2275 quam
224 2224 280 2265 ob
313 2224 612 2281 frequentiam
645 2238 1069 2295 promouendorum)
1109 2241 1237 2283 breui
1277 2245 1564 2288 oratiuncula
1605 2250 1757 2291 candi—

57 2292 152 2333 dati
185 2295 469 2340 sedulitatem
503 2305 636 2356 atque
667 2304 902 2359 ingenium
919 2313 1214 2367 commendet,
1248 2315 1337 2368 vel,
1371 2316 1408 2357 si
1442 2318 1664 2374 videatur,
1701 2322 1755 2362 de

54 2377 100 2404 re
152 2365 304 2420 aliqua
356 2369 628 2426 Theologica
698 2379 889 2434 tempori
962 2386 1006 2422 et
1064 2384 1349 2427 auditoribus
1416 2391 1754 2433 accommodata

54 2438 276 2478 nonnulla
306 2440 444 2481 Verba
476 2441 627 2488 faciat.
680 2447 848 2502 Sui-gat
879 2456 1034 2506 postea
1066 2455 1336 2498 candidatus
1368 2462 1424 2512 et,
1458 2460 1616 2514 positis
1648 2468 1753 2504 ante

53 2511 356 2560 promotorem
402 2513 606 2568 genibus,
650 2517 809 2560 Fidem
842 2521 1123 2565 Catholicam
1165 2526 1287 2568 clara
1327 2542 1437 2570 voce
1483 2531 1753 2586 profiteatur

55 2576 183 2618 iuxta
214 2578 453 2623 formulam
486 2599 512 2625 a
543 2586 625 2627 Pio
658 2587 830 2637 Quarto
863 2593 1055 2636 editam:
1108 2611 1197 2650 qua
1234 2599 1430 2653 perlecta
1473 2601 1590 2643 iuret
1628 2608 1749 2646 tacto

53 2646 411 2703 Evangeliorum
432 2653 559 2697 libro.
602 2658 733 2699 Astet
755 2660 957 2704 Bidellus
981 2680 1117 2707 manu
1138 2671 1294 2709 tenens
1315 2672 1549 2727 annulum,
1581 2675 1748 2730 pileum

51 2731 220 2760 nouum
269 2727 313 2761 et
359 2722 524 2766 librum
558 2727 808 2772 Bibliorum
855 2749 936 2789 pro
969 2736 1223 2792 TheologiS,
1263 2741 1335 2782 1761
1369 2742 1627 2786 Aristotelis
1667 2762 1746 2802 pro

52 2787 350 2846 Philosophia
415 2794 583 2851 Surgat
615 2799 806 2857 denique
837 2812 1067 2860 promotor
1098 2814 1250 2864 operto
1283 2813 1443 2868 capite,
1477 2819 1522 2855 et
1553 2817 1745 2871 gradum

51 2859 251 2902 conferat
296 2863 381 2904 hac
428 2867 666 2912 verborum
714 2872 928 2917 formula:
995 2878 1121 2934 „Ego
1153 2880 1224 2935 N.,
1263 2882 1425 2925 Sacrae
1472 2885 1744 2942 Theologiae

51 2929 231 2986 Doctor,
263 2933 549 2990 Apostolicae
588 2941 717 2983 Sedis
755 2945 1000 2988 autoritate
1037 2950 1229 2992 Nostrae
1264 2952 1483 2996 Societati
1522 2971 1742 3008 concessa,

52 3000 163 3042 mihi
195 3018 300 3045 vero
333 3007 580 3064 commissa,
629 3013 809 3055 confero
850 3016 935 3058 tibi
974 3019 1029 3060 R.
1063 3020 1118 3062 N.
1152 3021 1315 3064 Sacrae
1347 3024 1621 3081 Theologiae
1666 3042 1742 3068 seu

1797 1489 1825 1512 p.
1850 1482 1909 1507 149.

52 3070 366 3130 Philosophiae
399 3079 709 3133 magisterium
741 3086 813 3127 1761
860 3087 1146 3132 doctoratum
1192 3092 1323 3135 iuxta
1350 3098 1355 3148 1
1384 3096 1536 3137 omnia
1571 3097 1743 3138 Acade·
1771 3112 1883 3141 p-150-

126 3167 312 3193 Monumenta
331 3169 505 3197 Germaniae
524 3175 718 3209 Paedagogiea
738 3179 763 3202 V
1461 3167 1482 3199 8
