2153 3467
358 164 446 207 494
553 174 664 210 Ratio
691 173 896 210 studiorum
922 177 959 209 et
983 173 1234 210 institutiones
1259 172 1501 210 scholasticae
1525 172 1719 210 Societatis
1744 174 1835 212 Jesu
1857 175 1895 212 II

358 293 476 336 fecto
509 308 562 335 ex
603 292 749 335 officio
785 293 1042 348 incumbat,
1080 293 1311 349 discipulis
1355 307 1488 349 gene-

357 364 494 405 ratim
526 363 735 406 omnibus
755 364 1002 419 intendere,
1035 364 1154 406 nulli
1185 363 1332 419 magis
1352 378 1487 419 quam

357 434 444 490 ipsi
477 433 675 477 officium
723 435 807 477 hoc
837 436 1081 478 incumbet.
1146 434 1317 484 Quodsi
1355 435 1488 477 Prae-

357 506 501 546 fectus
532 503 761 547 interdum
793 506 962 547 iustam
992 509 1140 562 potest
1170 505 1334 548 habere
1357 520 1488 548 excu-

361 576 584 617 sationem
605 580 790 634 propter
815 576 928 618 alias
949 576 1279 633 occupationes,
1311 591 1489 618 necesse

359 650 439 698 est,
471 649 524 687 vt
555 646 698 688 alium
738 661 792 688 ex
824 647 1058 702 Magistris
1097 647 1183 688 sibi
1222 647 1485 701 substituat3

357 731 449 758 rem
464 717 683 773 negligat,
701 732 727 759 a
743 732 831 773 qua
846 721 1082 774 tantopere
1098 717 1263 775 pendet
1273 718 1491 760 modestia

245 806 253 821 ›
320 800 332 822 ῑ
365 787 705 844 discipulorum,
736 802 829 829 non
864 787 1088 829 conuenit.
1119 789 1123 843 Ι
1153 814 1207 818 -
1239 788 1339 830 Ηο6
1370 788 1490 830 idem

358 858 492 900 etiam
526 859 715 901 dicimus
747 858 802 900 de
835 858 950 900 atrio
982 859 1187 901 obeundo
1219 858 1488 915 frequenter.

500 934 571 975 46.
631 930 736 972 Non
774 929 957 972 uidetur
996 930 1330 973 immutandum
1370 931 1490 987 quod

356 1000 441 1042 hac
461 1001 620 1055 regula
641 1001 937 1057 praecipitur:
959 1001 1023 1044 Vt
1044 1001 1303 1044 Praefectus
1320 1002 1488 1056 uideat,
1615 1002 1696 1043 Ad
1746 1004 1816 1046 46.
1897 1002 2090 1044 Curetur

356 1076 408 1113 vt
426 1071 709 1126 Confessarii,
742 1071 922 1127 quando
939 1072 1245 1115 confitendum
1263 1077 1330 1114 est
1360 1073 1490 1115 disci·
1527 1072 1794 1116 emendatio,
1857 1072 2008 1128 (Ibid.)

356 1141 486 1197 puliS,
504 1142 771 1198 tempestiue
789 1143 951 1197 adsint,
969 1147 1013 1185 et
1031 1148 1083 1187 vt
1102 1143 1352 1186 identidem
1374 1149 1487 1186 tem—

355 1213 495 1268 plum,
527 1212 607 1254 ubi
634 1212 846 1270 discipuli
872 1213 1157 1270 confitentur,
1190 1214 1487 1270 ingrediatur.

405 1345 546 1394 Circa
584 1346 778 1408 regulas
817 1346 1067 1395 scribendi
1107 1347 1167 1396 ad
1204 1347 1435 1398 Examen.

499 1430 539 1470 2.
600 1427 726 1469 Η666
747 1428 907 1483 regula
925 1428 1146 1485 praecipit
1167 1433 1340 1470 mature
1361 1427 1486 1470 ueni·
1602 1428 1644 1471 A
1657 1428 1686 1470 d
1704 1432 1743 1473 2.
1758 1432 1808 1470 et
1823 1430 1889 1472 10.
1914 1428 1970 1470 R.
1988 1427 2090 1469 Pla-

357 1497 522 1539 endum
554 1498 611 1539 ad
642 1498 832 1553 scholas,
868 1526 920 1530 -—
954 1499 1044 1542 fuit
1084 1504 1235 1542 autem
1267 1499 1488 1541 hactenus
1524 1504 1593 1542 cet
1639 1499 1859 1542 iudicium
1888 1500 2089 1541 Patrum.

356 1569 645 1622 consuetudo,
677 1574 729 1612 vt
761 1569 1025 1613 duodecima
1055 1571 1166 1613 hora
1196 1571 1387 1614 veniant
1417 1570 1485 1612 di-
1525 1570 1815 1628 Superiorum
1833 1574 1984 1613 autem
2005 1570 2090 1612 erit

357 1640 538 1696 scipuli3
560 1640 645 1682 hoc
667 1645 845 1698 tempus
867 1641 1050 1684 uidetur
1070 1641 1341 1685 servandum
1362 1641 1485 1684 dein·
1525 1642 1824 1685 conueniendi
1847 1646 2025 1698 tempus
2045 1645 2090 1683 et

357 1726 481 1767 ceps:
545 1710 663 1760 Quia
694 1712 864 1754 iustum
896 1718 976 1767 est,
1008 1718 1060 1756 vt
1092 1713 1222 1756 detur
1254 1713 1487 1771 discipulis
1526 1714 1751 1756 scribendi
1783 1713 1979 1770 spatium
2013 1713 2089 1755 de-

357 1797 436 1838 pro
457 1781 542 1833 1166
581 1782 825 1839 scriptione
864 1789 1044 1841 tempus
1082 1785 1278 1841 longius,
1310 1789 1354 1827 et
1385 1799 1487 1827 con·
1525 1785 1667 1827 finire.
1729 1784 1879 1839 (Ibid.)

355 1853 518 1895 sultius
539 1858 606 1895 est
625 1854 709 1896 hoc
729 1860 905 1913 tempus
926 1856 1122 1913 incipere
1142 1860 1331 1911 mature,
1353 1870 1489 1912 quam

356 1925 601 1966 terminare
632 1939 743 1967 sero.

501 1998 567 2040 10.
630 1996 803 2038 Eodem
856 1997 988 2040 modo
1038 1998 1218 2041 uidetur
1269 1997 1489 2040 seruanda

357 2068 514 2123 regula
550 2071 653 2122 1023,
686 2073 738 2110 vt
770 2073 942 2111 certum
964 2069 1266 2112 constituatur
1298 2074 1488 2126 tempus,

357 2139 477 2182 intra
510 2139 629 2195 quod
661 2140 904 2183 absoluisse
936 2145 1111 2197 oportet
1142 2140 1445 2198 scriptionem.

572 2271 713 2321 Circa
751 2272 885 2335 leges
923 2273 1272 2322 Praemiorum.

501 2357 540 2396 1.
600 2353 852 2395 Multitudo
875 2354 1176 2410 praemiorum
1195 2369 1287 2396 non
1308 2354 1488 2396 uidetur
1613 2353 1695 2395 Ad
1729 2357 1766 2397 1.
1817 2354 1886 2395 De
1915 2357 2091 2396 contra-

359 2423 563 2466 absolute
595 2424 890 2481 repudianda,
924 2425 1167 2468 dummodo
1188 2426 1280 2467 sint
1300 2425 1379 2481 qui
1399 2440 1489 2467 me·
1524 2423 1672 2466 henda
1709 2423 1937 2467 interdum
1973 2423 2088 2466 mul-

357 2499 561 2548 reantur,
594 2499 639 2536 et
669 2499 873 2551 sumptus
911 2496 1149 2538 necessarii
1186 2511 1279 2538 non
1320 2495 1487 2549 desint,
1525 2494 1725 2537 titudine
1775 2495 2087 2552 praemiorum.

358 2565 434 2606 sed
466 2565 503 2606 si
536 2566 802 2607 alterutrum
841 2566 1137 2622 desideretur,
1175 2582 1267 2610 non
1306 2567 1489 2609 uidetur
1525 2566 1581 2608 R.
1614 2566 1793 2621 Regula
1823 2564 1921 2622 ipsa
1947 2564 2088 2618 docet,

359 2650 450 2677 esse
482 2651 606 2678 mens
645 2637 851 2691 regulae,
892 2637 1052 2679 debere
1091 2652 1323 2680 numerum
1366 2652 1489 2693 prae·
1525 2650 1605 2693 pro
1627 2650 1813 2678 numero
1840 2634 2088 2678 Scholasti-

359 2707 574 2763 scriptum
606 2712 818 2764 perpetuo
863 2709 1043 2751 seruari.
1107 2709 1172 2752 Vt
1204 2708 1324 2750 enim
1355 2708 1488 2765 pauci
1527 2722 1682 2750 corum
1712 2708 1842 2764 plura
1873 2720 1917 2749 v.
1937 2705 2089 2763 pauci-

359 2777 451 2819 sint
483 2778 665 2819 omnino
698 2778 918 2835 discipuli,
952 2784 996 2821 et
1027 2779 1213 2821 minime
1254 2779 1376 2821 docti
1407 2793 1488 2836 pro
1525 2793 1603 2821 ora
1634 2778 1731 2820 dari
1761 2792 1902 2834 posse.
1964 2776 2089 2819 Idem

358 2848 536 2890 scholae
576 2849 814 2905 dignitate,
855 2854 948 2893 tam
981 2851 1125 2893 multa
1154 2850 1352 2907 praemia
1383 2850 1489 2893 dare
1524 2849 1742 2891 iudicium
1774 2848 1871 2902 erit,
1903 2846 1941 2889 si
1973 2860 2088 2902 quae

358 2919 491 2975 plane
524 2924 590 2960 est
620 2925 825 2976 sumptus
857 2935 1226 2978 superuacaneus.
1526 2920 1639 2962 aliae
1659 2920 1803 2962 iustae
1825 2932 2006 2961 caussae
2021 2917 2088 2959 in-

501 2993 541 3034 5.
604 2991 727 3032 Haec
758 2992 915 3047 regula
942 2992 1145 3034 concedit
1176 2991 1224 3033 in
1245 2992 1488 3048 scriptione
1524 2991 1793 3033 terueniant.
1904 2989 2087 3031 Justam

360 3076 439 3117 pro
472 3061 682 3117 praemiis
713 3066 887 3119 tempus
919 3068 1317 3119 quantumcunque
1348 3076 1488 3118 usque
1524 3066 1678 3104 tamen
1726 3075 1819 3103 non
1870 3059 2087 3114 ducimus,
