2148 3402
518 190 561 227 R.
588 195 634 226 st.
666 192 764 227 1586.
818 193 988 227 Delectus
1022 194 1230 237 opinionum
1259 195 1368 229 theol.
1705 187 1791 228 213

236 313 275 354 6.
310 310 474 352 Sensus
506 326 598 353 non
631 311 882 353 contrarius
915 312 1142 366 vulgatae,
1176 311 1252 354 sed
1285 312 1488 354 diuersus
1522 329 1612 355 non
1644 314 1792 370 prohi-

93 382 223 422 betur
254 396 280 422 a
313 381 531 437 Concilio,
565 382 601 423 si
634 397 736 424 cum
767 381 1031 424 authentico
1065 388 1183 424 stare
1216 387 1377 440 potest.

237 462 274 503 7.
309 460 584 515 Marginales
643 459 859 502 lectiones
905 460 958 501 de
1003 460 1208 502 Hebraeo
1262 461 1494 503 Graecoue
1550 464 1790 519 exemplari

93 531 355 587 desumptae
387 546 618 587 nunquam
653 531 797 573 textui
827 532 1145 588 praeferendae
1177 538 1295 575 sunt.

236 612 276 651 8.
311 609 435 658 Quae
480 624 586 651 vero
638 624 691 651 ex
738 609 930 651 aliorum
978 610 1183 652 codicum
1232 611 1500 653 Latinorum
1555 613 1794 653 collatioiw

94 680 304 721 collectae
336 684 455 733 sunt,
488 685 675 736 possunt
706 696 1034 736 nonnunquam
1068 682 1213 723 textui
1236 682 1463 738 praeferri,
1496 684 1571 724 sed
1593 698 1686 725 non
1709 684 1795 725 nisi

94 751 388 806 grauissimae
422 751 514 793 sint
545 751 827 794 coniecturae
859 758 904 794 et
937 754 1185 796 multorum
1217 753 1385 796 iudicio
1418 754 1651 796 doctorum
1674 770 1791 797 com-

95 825 334 881 probatae,
381 823 465 865 hae
512 828 664 866 tamen
711 824 860 866 textui
900 839 992 866 non
1032 830 1138 867 sunt
1177 825 1439 868 inserendae
1480 826 1575 867 sine
1613 826 1796 883 publica

94 897 325 940 Ecclesiae
356 896 614 940 autoritate.

237 978 276 1019 9.
310 975 414 1016 Non
453 974 586 1016 facile
626 975 946 1030 suspicandum
984 979 1050 1017 est
1088 976 1260 1032 aliquid
1292 980 1555 1017 extraneum
1588 975 1795 1017 additum

96 1054 141 1090 et
180 1048 399 1089 insertum
439 1061 530 1088 esse
569 1046 717 1088 textui
758 1048 917 1099 Sacro,
966 1047 1052 1088 nisi
1091 1053 1265 1089 constet
1305 1047 1561 1103 aufltoritate
1592 1048 1794 1088 Patrum.
1827 1074 1834 1087 2

96 1121 266 1175 Aliqua
305 1119 550 1160 creduntur
587 1119 644 1160 ab
682 1118 927 1175 interprete
965 1119 1132 1161 Latino
1173 1120 1347 1173 addita,
1392 1135 1445 1161 ex
1495 1119 1596 1161 aliis
1642 1124 1792 1161 tamen

95 1191 206 1233 locis
239 1190 499 1247 Scripturae
531 1190 818 1246 transposita,
851 1195 897 1232 et
927 1190 1038 1232 haec
1070 1192 1302 1233 Canonica
1333 1197 1450 1234 sunt.

242 1272 308 1313 10.
343 1268 424 1311 Sin
465 1268 617 1323 aliqua
655 1267 709 1309 de
748 1283 828 1309 suo
869 1271 1078 1324 apposuit
1109 1270 1330 1325 interpres
1363 1269 1420 1311 ad
1453 1269 1794 1325 exprimendum

96 1342 155 1395 id,
189 1341 309 1396 quod
340 1341 388 1382 in
419 1340 601 1394 energia
622 1340 931 1381 Hebraeorum
955 1340 1285 1381 Graecorumve
1306 1340 1546 1382 verborum
1577 1339 1798 1396 implicite

98 1418 142 1454 et
173 1412 428 1454 virtualiter
459 1411 683 1453 inclusum
715 1416 794 1465 est,
830 1412 966 1454 Sacra
999 1416 1043 1453 et
1075 1411 1306 1453 Canonica
1336 1416 1455 1453 sunt.

242 1493 310 1533 11.
343 1490 508 1531 Factae
553 1488 690 1530 etiam
730 1489 945 1531 videntur
981 1488 1119 1530 fuisse
1157 1489 1404 1530 nonnullae
1444 1488 1700 1530 additiones
1741 1489 1796 1529 ad

94 1561 435 1617 Etymologiam
467 1561 678 1603 vocabuli
710 1560 1070 1617 exprimendam,
1118 1577 1231 1617 quae
1263 1561 1311 1602 in
1343 1562 1473 1603 Nouo
1506 1561 1796 1603 Testamento

95 1638 200 1674 sunt
231 1633 372 1689 ipsius
404 1632 625 1674 Canonici
659 1632 900 1688 Scriptoris
932 1637 977 1673 et
1010 1631 1112 1674 ideo
1147 1633 1414 1675 Canonicae.

241 1714 307 1755 12.
341 1711 395 1751 In
428 1710 582 1752 Veteri
636 1714 787 1752 autem
818 1710 1107 1751 Testamento
1148 1710 1220 1751 vel
1275 1711 1460 1751 fuerunt
1506 1709 1644 1751 etiam
1684 1709 1799 1751 Scri—

93 1784 235 1839 ptoris
276 1782 514 1835 Canonici,
554 1782 662 1823 licet
695 1785 849 1837 postea
884 1781 1218 1835 interciderint,
1258 1782 1332 1822 Vel
1366 1780 1642 1836 interpretis,
1683 1795 1796 1836 quae

97 1853 352 1895 Canonicae
387 1853 568 1908 quidem
600 1868 691 1894 non
724 1857 843 1907 sunt,
874 1867 965 1894 non
1001 1858 1149 1894 tamen
1179 1852 1461 1908 reijciendae.

242 1934 305 1975 13„
340 1930 584 1972 Nominum
619 1931 919 1987 propriorum,
952 1946 1065 1986 quae
1096 1931 1141 1972 111
1165 1931 1368 1972 fontibus
1389 1931 1628 1984 habentur,
1662 1930 1798 1971 inter-

97 2003 202 2044 dum
243 2002 625 2057 significationem
667 2002 803 2043 fuisse
841 2006 1018 2043 constat
1051 2003 1338 2044 immutatam
1373 2002 1429 2044 ab
1462 2003 1710 2058 Interprete
1742 2001 1796 2042 ad

97 2074 438 2131 exprimendam
470 2074 745 2128 illusionem,
795 2089 908 2129 quae
938 2074 1097 2129 ijsdem
1129 2073 1389 2116 nominibus
1421 2073 1675 2115 conseruari
1710 2088 1797 2113 non

99 2146 262 2203 potuit,
295 2151 347 2187 vt
378 2146 425 2187 in
459 2145 692 2187 arboribus
724 2146 842 2202 apud
877 2145 1134 2201 Danielem,
1174 2145 1222 2186 in
1254 2144 1309 2200 ijs·
1342 2145 1573 2187 materiale
1606 2145 1799 2186 Canoni-

99 2232 201 2259 cum
234 2221 312 2271 est,
346 2231 437 2258 non
469 2217 670 2259 formale.

245 2298 310 2338 14.
345 2294 666 2350 Interpretatio
718 2295 953 2336 nominum
1003 2295 1286 2351 propriorum
1333 2309 1410 2349 poi·
1454 2293 1659 2334 Rabinos
1706 2293 1799 2346 [sic]

99 2366 221 2408 facta
252 2381 329 2407 seu
349 2381 428 2422 per
449 2366 726 2422 Rabinistas,
761 2366 798 2407 si
831 2381 857 2407 a
887 2367 1081 2421 vulgata
1113 2365 1313 2407 editione
1346 2364 1562 2417 dissonat,
1596 2367 1802 2419 suspecta

102 2437 236 2479 debet
268 2452 374 2481 esse.

247 2517 313 2559 15.
349 2515 436 2557 Sed
468 2516 504 2557 si
536 2515 795 2557 huiusmodi
838 2513 1234 2572 interpretationes
1272 2513 1420 2555 factae
1459 2516 1566 2554 sunt
1603 2526 1680 2568 per
1710 2511 1802 2553 Au-

103 2592 222 2629 tores
267 2587 400 2644 plane
431 2586 689 2629 Catholicos
732 2592 998 2641 asserentes,
1046 2585 1294 2639 vocabula,
1342 2599 1455 2640 quae
1502 2584 1551 2625 in
1598 2582 1803 2625 fontibus

103 2658 346 2713 habentur,
392 2673 483 2699 esse
521 2658 787 2714 aequiuoca,
833 2657 971 2713 recipi
1012 2662 1221 2714 possunt,
1261 2656 1336 2698 sed
1378 2656 1523 2698 textui
1555 2671 1647 2698 non
1679 2670 1804 2712 prae-

105 2729 321 2774 ferantur.

251 2811 316 2851 16.
350 2808 405 2849 In
436 2807 517 2863 ijs,
557 2822 670 2863 quae
707 2807 756 2848 in
787 2806 1004 2848 Hebraeis
1037 2806 1280 2849 Graecisve
1315 2806 1545 2848 codicibus
1577 2804 1804 2847 contraria

107 2884 213 2921 sunt
248 2881 482 2935 vulgatae,
521 2879 697 2920 decreto
731 2878 926 2920 Concilii
957 2877 1215 2920 Tridentini
1248 2883 1253 2931 Ι
1289 2877 1508 2933 derogata
1547 2880 1613 2918 est
1658 2874 1803 2917 omnis

108 2951 216 2993 fides
249 2951 349 3007 alijs
379 2952 561 3008 linguis,

253 3037 319 3079 17.
361 3034 519 3078 Versio
572 3035 874 3091 Septuaginta
924 3036 1229 3092 Interpretum
1281 3032 1482 3089 quandiu
1544 3032 1805 3085 incorrupta

111 3108 289 3164 mansit,
322 3121 415 3150 non
446 3106 595 3151 minus
626 3106 715 3150 fuit
745 3106 1019 3160 authentica,
1053 3121 1187 3163 quam
1218 3105 1411 3160 vulgata
1444 3103 1609 3145 Latina
1640 3116 1773 3143 nunc.

1826 2900 1852 2922 [1.
1864 2891 1925 2915 325.
