2084 3441
268 191 294 232 6
460 197 571 234 Ratio
598 199 798 234 studiorum
824 202 861 233 et
884 198 1134 235 institutiones
1161 198 1404 234 scholasticae
1430 197 1625 234 Societatis
1651 198 1740 234 Jesu
1767 198 1807 234 II

415 321 554 376 „Cum
585 322 631 365 3¹}
658 336 700 376 p.
720 321 871 362 Const.
895 336 930 362 c.
954 324 991 365 1.
1014 323 1052 373 ἓ.
1079 322 1145 363 18.
1180 324 1223 361 et
1255 319 1364 361 decl.
1391 318 1425 361 G
1447 317 1577 366 ibid.;
1597 318 1708 360 item
1728 334 1770 375 p.
1792 323 1832 363 4.
1857 335 1894 361 6.
1912 321 1952 364 5.

267 394 304 447 ξ.
331 395 370 435 4.
402 391 650 447 generatim
683 391 926 443 ordinetur,
966 405 1105 432 novas
1147 390 1381 446 opiniones
1418 393 1463 430 et
1503 387 1756 431 differentes
1789 389 1957 432 doctri-

265 478 346 505 nas
389 462 438 504 in
482 463 704 505 Societate
748 461 1050 503 admittendas
1095 475 1187 503 non
1223 475 1330 514 esse,
1368 463 1412 501 et
1452 459 1501 501 in
1540 461 1698 515 quauis
1735 459 1956 503 facultate

266 534 533 576 securiorem
574 538 619 574 et
657 533 802 588 magis
841 532 1136 589 approbatam
1175 531 1429 573 doctrinam
1468 530 1752 585 sequendam,
1795 546 1956 587 eosque

267 608 468 647 auctores
512 608 556 646 et
606 603 961 655 commentarios,
1003 603 1081 658 qui
1121 618 1218 644 eam
1258 602 1434 643 docent.
1495 601 1671 643 Deinde
1716 601 1765 642 in
1803 602 1956 644 eadem

266 679 307 721 4.
338 691 379 732 p.
411 691 446 717 c.
476 678 515 720 5.
545 679 589 717 et
616 689 651 716 c.
675 678 742 718 14.
766 674 997 731 speciatim
1029 673 1349 730 praescribitur
1380 672 1664 726 RectoribUS,
1696 676 1749 714 ut
1778 672 1827 714 in
1860 688 1957 714 exe-

266 746 455 802 quendis
507 746 746 803 praedictis
791 745 1152 787 ordinationibus
1190 747 1436 799 sequantur
1478 743 1600 799 quod
1647 742 1695 784 in
1747 743 1958 786 uniuersa

267 817 491 860 Societate
533 816 589 858 ad
633 816 846 858 maiorem
887 815 971 857 Dei
1014 816 1208 871 gloriam
1248 819 1483 857 statuetur.
1554 814 1733 856 Petitur
1775 815 1958 857 nomine

267 888 512 930 Rectorum
551 902 576 929 a
616 886 976 942 Congregatione
1017 886 1228 928 Generali
1265 890 1484 941 tanquam
1519 885 1778 927 uniuersam
1811 886 1958 928 Socie-

265 963 406 1001 tatem
443 962 816 1015 repraesentante,
849 961 900 999 ut
933 957 986 999 de
1016 957 1148 999 rebus
1179 956 1446 1014 supradictis
1478 956 1589 998 certi
1621 956 1805 1012 aliquid,
1839 956 1959 1012 quod

266 1031 478 1073 Rectores
525 1029 651 1084 sequi
691 1029 866 1086 possint
911 1033 955 1070 et
995 1028 1197 1082 debeant,
1238 1032 1430 1070 statuere
1469 1027 1702 1083 dignetur:
1743 1027 1958 1070 nimirum

266 1101 320 1143 de
359 1100 661 1157 opinionibUS,
701 1115 814 1156 quae
852 1100 902 1141 in
939 1099 1098 1155 quauis
1135 1098 1350 1141 facultate
1389 1099 1537 1154 magis
1581 1098 1673 1140 sint
1704 1113 1881 1140 securae
1913 1103 1958 1140 et

267 1171 557 1228 approbatae:
591 1171 706 1212 Item
729 1171 782 1212 de
799 1171 1073 1213 Auctoribus
1097 1174 1141 1212 et
1159 1169 1518 1224 Commentariis,
1537 1169 1613 1225 qui
1638 1184 1712 1211 eas
1730 1169 1956 1214 tradant.“

407 1242 585 1298 Resp.:
622 1241 831 1298 „Optime
861 1242 998 1284 habet
1030 1241 1150 1297 quod
1180 1241 1464 1297 proponitur,
1497 1240 1574 1282 sed
1606 1240 1746 1283 ardua
1776 1255 1846 1282 res
1879 1244 1958 1295 est,

268 1328 403 1369 quam
439 1317 592 1354 tamen
630 1327 736 1369 prae
773 1312 983 1354 manibus
1018 1312 1258 1366 habemus3
1299 1311 1568 1367 dabiturque
1608 1326 1754 1368 opera,
1794 1315 1848 1353 ut
1881 1311 1962 1353 ali-

267 1382 459 1439 quando,
513 1383 609 1425 Deo
656 1383 927 1439 adspirante,
973 1383 1179 1425 absoluta
1215 1382 1445 1440 prodeat.“
1493 1408 1547 1414 —
1594 1382 1728 1424 Arch.
1774 1382 1828 1426 G.
1873 1382 1958 1426 III.

267 1455 322 1499 B.
353 1470 395 1511 p.
431 1457 499 1498 22.
1891 1446 1894 1447 ⁷

407 1525 586 1567 Ebenso
624 1525 703 1567 bat
743 1525 814 1567 die
850 1528 890 1569 4.
924 1525 1245 1568 oberdeutsche
1277 1524 1783 1580 Prov.-Kongregati0n
1815 1524 1961 1581 (111116-

268 1596 409 1638 bruck
451 1598 581 1650 1576)
619 1595 704 1638 den
743 1597 794 1638 P.
827 1597 1042 1639 General:
1085 1600 1164 1651 „ut
1199 1597 1422 1638 rationem
1454 1596 1653 1651 aliquam
1685 1596 1801 1638 inire
1832 1596 1957 1650 velit,

267 1683 356 1723 qua
386 1668 435 1709 in
467 1667 686 1710 tradenda
716 1668 1011 1725 Philosophia
1042 1672 1086 1710 et
1107 1667 1354 1723 Theologia
1384 1667 1526 1709 maior
1554 1666 1612 1709 sit
1632 1667 1895 1724 opinionum
1917 1670 1961 1708 et

265 1739 314 1780 in
352 1739 485 1781 modo
518 1739 709 1781 docendi
739 1739 1039 1794 uniformitas,
1073 1740 1306 1795 magisque
1338 1739 1596 1781 auditorum
1627 1738 1823 1780 utilitati
1854 1752 1960 1780 con-

267 1810 443 1851 sulatur
482 1825 559 1866 per
596 1810 889 1865 Professores,
932 1825 1124 1866 quorum
1163 1810 1306 1866 aliqui
1342 1810 1391 1851 in
1427 1809 1640 1852 dictando
1680 1809 1798 1851 forte
1828 1808 1961 1851 nimii

264 1884 413 1923 suntf‘
475 1881 566 1923 Der
597 1881 647 1923 P.
679 1882 875 1924 General
905 1881 1092 1924 verwies
1124 1881 1207 1924 auf
1233 1881 1305 1923 die
1337 1881 1451 1923 eben
1481 1885 1615 1923 unter
1647 1880 1734 1923 den
1765 1880 1961 1923 Handen

265 1950 536 1993 befindliche
569 1952 706 1994 Ratio
739 1952 1004 1994 studiorum.
1068 1952 1220 2006 (Arch.
1246 1953 1300 1995 Gr.
1322 1952 1352 1993 1.
1373 1966 1409 1994 c.
1431 1967 1473 2009 p.
1496 1954 1582 2006 30.)

406 2022 573 2064 Ferner
604 2023 869 2078 beantragte
900 2023 1094 2065 dieselbe
1126 2027 1259 2065 unter
1278 2023 1334 2065 N.
1360 2027 1412 2067 17
1446 2027 1619 2065 ernstes
1641 2022 1959 2065 Einschreiten

268 2107 412 2148 gegen
451 2092 727 2148 gefahrliche
770 2094 864 2136 und
886 2093 1062 2136 minder
1081 2094 1249 2136 sichere
1269 2094 1512 2136 Lehrsatze
1532 2094 1580 2135 in
1603 2094 1681 2136 der
1701 2094 1959 2150 Theologie,

267 2168 339 2215 „et
377 2164 434 2205 ad
473 2164 603 2220 plura
643 2164 858 2220 suffragia
889 2165 1096 2221 deputati
1128 2170 1234 2207 sunt
1265 2180 1318 2207 ex
1350 2165 1447 2222 ipsa
1480 2165 1840 2221 Gongregatione
1870 2169 1960 2207 tres

265 2233 498 2289 Theologi,
532 2250 589 2279 sc.
614 2236 663 2277 P.
687 2236 857 2278 Theod.
883 2236 1103 2291 Canisius,
1136 2237 1390 2279 P.Hieron.
1409 2236 1638 2279 Torrensis
1660 2241 1705 2278 et
1725 2237 1774 2278 P.
1792 2235 1958 2278 Theod.

265 2305 494 2360 Peltanus,
536 2310 587 2348 ut
628 2307 847 2349 eiusmodi
888 2307 1121 2364 opiniones
1161 2308 1427 2363 colligerent
1464 2312 1509 2349 et
1548 2307 1709 2350 deinde
1742 2307 1799 2349 ad
1829 2308 1885 2350 N.
1905 2308 1956 2352 P.

266 2375 510 2430 mitterent,
545 2377 622 2432 qui
654 2377 707 2419 de
739 2378 801 2419 eis
825 2382 1054 2434 statueret,
1083 2393 1141 2420 an
1164 2394 1218 2420 ex
1239 2379 1404 2421 nostris
1421 2379 1585 2421 scholis
1613 2379 1704 2421 sint
1723 2378 1962 2436 exploden-

267 2445 388 2489 dae.“
431 2447 562 2501 (Ibid.
595 2463 638 2505 p.
672 2451 760 2502 31.)

406 2518 500 2559 Aus
548 2518 634 2561 den
679 2519 930 2575 bisherigen
963 2520 1324 2563 archivalischen
1355 2521 1518 2576 Daten,
1566 2521 1843 2563 namentlich
1883 2520 1961 2563 der

266 2589 479 2630 Antwort
521 2589 596 2630 des
637 2591 688 2632 P.
714 2591 908 2633 Genera]
940 2591 1177 2634 Eberhard
1207 2591 1463 2634 Mercurian
1494 2607 1586 2634 von
1620 2594 1732 2637 1573
1763 2592 1857 2634 und
1890 2595 1958 2647 76,

264 2659 449 2700 ersehen
473 2660 567 2714 wir,
602 2661 700 2703 dass
732 2662 870 2703 sehon
892 2677 969 2704 um
984 2662 1086 2718 jene
1103 2663 1203 2704 Zeit
1235 2663 1334 2704 eine
1357 2663 1494 2705 Ratio
1517 2663 1771 2706 studiorum
1790 2663 1840 2705 in
1860 2678 1961 2706 vor-

265 2729 502 2785 bereitung
540 2747 645 2785 war,
683 2732 791 2774 aber
829 2733 903 2775 6111
942 2733 1026 2776 auf
1050 2734 1387 2776 Jahrhunderte
1423 2734 1518 2776 und
1556 2733 1631 2776 fur
1662 2735 1750 2776 alle
1778 2735 1958 2777 Lander

263 2800 548 2842 berechnetes
579 2802 722 2844 Werk
754 2804 896 2845 dieser
927 2805 1013 2846 Art
1042 2804 1192 2846 kostet
1222 2804 1362 2847 Jahre
1392 2805 1487 2846 und
1506 2805 1795 2850 Jahrzehnte.
1850 2805 1958 2847 Dies

262 2870 363 2926 gilt,
404 2886 535 2913 wenn
567 2872 611 2928 je
651 2888 743 2915 von
782 2875 927 2916 einem
967 2875 1288 2930 Gesetzbuche,
1322 2890 1413 2919 von
1446 2876 1523 2918 der
1554 2876 1957 2932 Studienordnung

265 2940 342 2983 der
372 2942 591 2984 Jesuiten.

405 3013 474 3054 Im
514 3014 654 3056 Jahre
699 3018 826 3071 1580,
870 3022 908 3062 1.
941 3018 1078 3073 Aug,
1119 3032 1214 3060 war
1255 3018 1334 3060 der
1373 3019 1517 3061 vierte
1549 3018 1758 3072 General,
1791 3017 1956 3059 Eberh.

262 3083 531 3140 Mercurian,
578 3087 836 3141 gestorben5
884 3103 965 3131 zur
1009 3088 1231 3132 Neuwahl
1278 3093 1370 3132 trat
1413 3090 1492 3133 das
1535 3089 1652 3141 Jahr
1694 3088 1860 3131 darauf
1891 3088 1955 3132 im
