2148 3402
20 683 42 707 ρ.
59 675 108 700 124

257 177 411 223 Eingeh.
437 178 681 223 Beurteilung
707 178 738 212 d.
766 178 808 213 R.
825 180 870 213 st.
897 177 970 213 und
996 177 1216 212 Antworten
1242 175 1305 211 des
1332 176 1369 210 P.
1388 176 1588 219 Aquaviva.
1618 175 1743 221 1602s3
1774 166 1857 208 491

137 296 294 352 regula
323 297 555 353 loquitur),
598 310 709 352 quae
747 295 879 338 initio
918 294 1261 337 instaurationis

139 371 243 409 sunt
275 367 530 421 distributa,
562 367 743 409 retineri
765 368 949 423 possint,
982 381 1083 408 cum
1106 365 1260 420 singu—

138 438 193 480 lis
225 453 277 480 ex
310 438 553 495 scriptione
591 452 671 494 pro
703 438 978 493 Magistratu
1018 437 1262 479 iubeantur

139 509 369 563 distribui,
395 509 690 566 respondetur
713 513 874 563 autem,
906 508 1110 564 regulam
1131 508 1262 549 intel-

138 579 222 635 ligi
241 579 398 621 debere
419 579 796 634 conditionaliter,
828 584 872 622 et
893 594 1034 636 vsque
1057 594 1121 635 eo,
1154 578 1262 621 dum

139 650 320 707 proprio
338 650 495 692 merito
513 650 516 707 Ι
534 650 788 707 scriptionis
805 651 938 693 aliter
954 650 1263 693 distribuenda

138 725 183 763 et
213 721 570 763 commendanda
602 727 721 763 sunt.

278 795 346 837 31.
408 792 564 847 Aliqui
595 796 756 849 petunt
781 806 861 849 pro
883 792 1116 834 Monachis
1136 791 1261 833 adul-

136 863 338 917 tioribus,
361 868 405 904 et
427 863 657 905 nobilibus
678 863 987 920 exceptionem
1007 862 1055 904 in
1077 862 1262 905 Graecis

139 939 183 976 et
214 934 430 977 uersibus.
485 934 572 977 Sed
605 949 705 976 cum
736 934 893 989 regula
914 934 1113 976 insinuet
1133 948 1262 990 posse

137 1005 234 1047 fieri
243 1005 563 1062 exceptionem,
587 1005 663 1047 sed
680 1009 832 1046 tamen
851 1005 969 1046 hanc
985 1019 1174 1047 nonesse
1185 1005 1261 1046 ad-

137 1075 380 1118 hibendam
400 1077 489 1118 nisi
519 1076 651 1132 graui
674 1091 727 1118 ex
759 1091 904 1130 causa,
937 1075 1117 1118 uidetur
1147 1075 1263 1117 nihil

137 1146 252 1188 circa
268 1147 411 1204 ipsam
432 1147 787 1200 immutandum3
811 1146 848 1188 si
867 1146 987 1188 enim
1007 1146 1163 1188 faciles
1182 1146 1263 1188 eri-

137 1232 249 1272 mUS,
268 1217 361 1260 siue
377 1219 467 1260 sint
484 1218 706 1273 monachi,
729 1218 823 1260 siue
845 1218 936 1259 sint
956 1218 1158 1272 Nobiles,
1180 1218 1264 1260 lin-

137 1303 274 1344 guam
290 1304 495 1344 graecam
513 1305 535 1331 0
552 1289 715 1331 scholis
735 1289 900 1331 nostris
919 1303 1098 1345 prorsus
1120 1289 1263 1331 elimi-

136 1359 358 1402 nabimus.
381 1359 551 1409 Quodsi
560 1360 724 1417 aliquis
740 1360 985 1417 reperiatur
993 1360 1127 1417 plane
1136 1362 1262 1418 inep-

137 1436 211 1474 tus
227 1435 272 1473 et
287 1431 492 1488 incapax,
513 1432 851 1489 impossibilitas
867 1432 997 1474 illum
1019 1433 1204 1490 excipit3
1226 1434 1264 1476 si

139 1502 258 1545 enim
279 1502 400 1545 Deus
417 1503 714 1560 impossibilia
730 1518 821 1545 non
843 1503 1052 1560 imponit,
1083 1520 1167 1547 nec
1182 1520 1263 1547 nos

140 1574 371 1632 discipulis
384 1574 612 1631 imponere
637 1575 807 1617 talibus
830 1590 990 1631 graeca
1004 1576 1261 1633 poterimus.

281 1649 350 1690 32.
412 1647 537 1688 Haec
572 1646 730 1701 regula
762 1646 1110 1688 declamationes
1141 1662 1263 1689 men-

140 1721 286 1759 struas
318 1717 533 1774 supponit
565 1717 813 1772 habendas,
852 1722 1008 1760 contra
1039 1718 1261 1774 objiciunt

141 1787 386 1843 aliqui,alii
402 1802 493 1829 non
518 1787 750 1843 objiciunt,
779 1789 855 1830 sed
875 1788 972 1846 ipso
990 1788 1110 1831 facto
1133 1805 1262 1846 regu-

139 1858 230 1900 lam
239 1864 545 1912 contemnunt,
563 1865 607 1900 et
620 1873 711 1901 non
720 1859 888 1901 habent
905 1860 1129 1902 orationes
1143 1875 1262 1902 men-

140 1929 261 1971 sibus
276 1930 481 1985 singulis,
499 1930 574 1972 sed
584 1930 663 1972 uix
675 1935 890 1986 quattuor
904 1931 953 1972 in
969 1946 1100 1973 anno,
1117 1933 1262 1974 Causa

141 2008 221 2055 est,
240 2002 358 2057 quod
368 2002 535 2056 dicant,
554 2002 790 2044 Orationes
804 2002 884 2044 has
899 2003 954 2044 ab
971 2003 1079 2059 ipsis
1088 2003 1263 2045 Profes-

139 2073 314 2115 soribus
346 2073 503 2115 debere
536 2073 688 2125 scribi3
730 2077 775 2114 et
805 2072 908 2114 illos
939 2073 1091 2115 labore
1122 2074 1262 2116 nimio

141 2144 284 2198 obrui,
317 2144 353 2185 si
376 2159 402 2186 a
421 2144 649 2199 magistris
665 2143 773 2200 ipsis
790 2145 925 2186 scribi
942 2144 1023 2186 has
1041 2145 1263 2187 orationes

142 2230 314 2271 semper
344 2230 521 2257 necesse
536 2216 608 2267 sit,
634 2216 751 2257 iuste
774 2220 1124 2272 conqueruntur.
1177 2217 1264 2259 Sed

141 2301 220 2328 cur
250 2301 343 2328 non
374 2287 511 2329 etiam
543 2286 757 2343 discipuli
785 2287 1023 2329 Orationes
1055 2302 1157 2329 suas
1188 2287 1261 2328 de-

142 2357 400 2399 clamitant?
418 2372 519 2399 cum
536 2358 799 2414 plerumque
816 2358 1116 2414 reperiantur,
1139 2372 1263 2414 prae-

143 2428 295 2470 sertim
326 2428 509 2470 secundi
541 2430 661 2483 anni,
694 2429 771 2484 qui
803 2428 939 2470 etiam
958 2434 1263 2485 praeceptores

142 2499 343 2556 proprios
375 2514 503 2555 saepe
525 2504 734 2555 superent
756 2504 800 2541 et
827 2500 1023 2556 ingenio,
1057 2504 1100 2541 et
1120 2500 1263 2542 uarie-

145 2575 239 2612 tate
263 2586 314 2612 ac
336 2570 465 2626 copia
480 2571 733 2612 verborum.
768 2572 895 2614 Certe
912 2575 956 2612 et
972 2570 1203 2612 Monachii
1221 2575 1264 2612 et

143 2641 414 2696 Ingolstadii
447 2641 554 2682 olim
585 2641 774 2697 singulis
807 2647 908 2684 octo
941 2641 1097 2684 diebus
1136 2642 1265 2683 disci-

143 2712 239 2768 puli
261 2727 362 2753 suas
382 2711 615 2766 orationes,
644 2713 899 2755 emendatas
921 2718 1074 2755 tamen
1096 2728 1121 2754 a
1139 2727 1264 2769 prae-

1390 1646 1470 1688 Ad
1502 1646 1583 1703 322»
1624 1646 1691 1688 De
1719 1646 1865 1702 publi-

1300 1718 1362 1759 cis
1378 1707 1628 1764 Rhetorzffm
1646 1717 1864 1759 declama-

1300 1789 1513 1843 tionibus,
1537 1788 1710 1844 quoties
1728 1788 1861 1830 habe-

1298 1860 1350 1914 ri,
1370 1864 1415 1902 et
1433 1875 1458 1902 a
1474 1860 1636 1916 quibus
1655 1859 1863 1916 componi

1300 1931 1505 1973 debeant.
1549 1958 1597 1962 -
1639 1931 1694 1972 R.
1743 1930 1864 1980 Quas

1299 2004 1410 2045 haec
1430 2004 1589 2059 regula
1610 2006 1864 2044 menstruas

1300 2079 1446 2129 uocat,
1484 2089 1577 2130 reg.
1610 2077 1677 2117 17.
1740 2071 1861 2114 Rhe-

1301 2147 1412 2188 toris
1493 2144 1685 2200 singulis
1772 2142 1863 2185 fere

1301 2216 1528 2258 mensibus
1545 2215 1773 2257 habendas
1788 2215 1865 2257 do-

1302 2292 1383 2341 cet,
1408 2287 1451 2328 h.
1470 2302 1505 2331 e.
1537 2287 1742 2342 singulis,
1774 2287 1862 2328 nisi

1302 2357 1474 2413 aliquid
1490 2357 1763 2399 interueniat
1781 2357 1863 2398 im-

1299 2428 1558 2485 pedimenti,
1587 2428 1707 2484 quod
1735 2443 1862 2484 supe-

1299 2501 1408 2542 riori
1432 2499 1687 2556 legitimum
1712 2499 1863 2541 uidea-

1300 2577 1386 2614 tur.
1431 2573 1503 2613 Ex
1515 2586 1607 2627 reg.
1625 2575 1775 2613 autem
1792 2574 1861 2616 32.

1302 2643 1606 2685 communium
1645 2642 1864 2698 professo-

1300 2714 1426 2756 ribus
1449 2714 1658 2756 classium
1678 2713 1862 2754 inferio-

145 2782 412 2839 ceptoribus,
444 2783 694 2825 recitabant
725 2799 826 2826 cum
849 2799 1015 2840 magna
1045 2784 1190 2838 laude,
1224 2789 1268 2825 et
1302 2800 1402 2827 rum
1424 2788 1613 2838 constat,
1637 2799 1709 2825 eas
1729 2783 1862 2824 aMa-

145 2869 224 2895 sua
255 2857 299 2895 et
330 2857 679 2910 praeceptorum.
743 2855 845 2897 Non
883 2859 948 2897 est
984 2869 1176 2909 necesse,
1215 2847 1457 2911 thgistris
1486 2855 1728 2910 diligenter
1763 2855 1861 2909 qui—

146 2939 298 2966 omnes
314 2928 446 2979 atque
462 2924 633 2979 singuli
649 2925 959 2981 admittantur,
977 2925 1054 2967 sed
1071 2925 1267 2967 delectus
1304 2927 1405 2969 dem
1422 2926 1723 2982 expoliendas,
1746 2940 1861 2966 nun-

147 2999 213 3036 est
250 2995 502 3048 habendus,
547 2995 664 3037 sicut
702 2996 838 3038 etiam
878 3002 988 3039 tunc
1024 2996 1183 3051 fiebat,
1224 3001 1267 3038 et
1306 3012 1440 3052 quam
1457 3002 1607 3038 tamen
1620 2995 1861 3050 deintegro

146 3065 387 3122 prodibant
419 3065 628 3122 discipuli
650 3065 784 3108 docti.
831 3069 976 3109 Erant
997 3072 1148 3109 tamen
1171 3082 1267 3109 ora-
1305 3068 1534 3109 faciendas
1568 3081 1671 3108 esse.
