2153 3467
104 747 233 776 Magistri
257 749 351 770 ulmei·-

85 785 170 807 vundi
181 788 204 805 ιί
217 783 345 811 juv-mili.

123 1033 165 1055 UH
206 1032 251 1054 (11¹1
312 1031 318 1054 1

203 1073 250 1090 ῑιΙΙι

86 1317 203 1340 Scin-ln?
225 1316 362 1339 aiut-miae

127 1672 232 1696 Feiinli
257 1672 333 1696 dies.

158 1709 293 1731 hosarum

159 1748 291 1766 inulam).

112 2100 248 2130 Quinque
269 2100 349 2123 >wlm-

117 2137 175 2159 turn
193 2146 205 2158 ιι
230 2137 335 2159 “rudus

109 2659 141 2681 lili
168 2658 224 2680 isio

149 2666 162 2681 V

247 2658 351 2681 (ju-nnn.

226 2694 329 2717 libros.

368 188 454 233 352
555 198 664 235 Ratio
691 196 891 236 studiorum
920 204 957 235 et
983 193 1239 236 institutiones
1260 195 1513 235 scholasticae
1540 190 1737 236 societatis
1766 199 1855 236 Jesu
1879 200 1917 236 II

374 326 478 359 1599:
542 318 855 360 Emblematal
895 334 1002 361 vero
1043 325 1088 361 et
1127 335 1220 361 car·
1261 326 1370 358 1832:
1405 319 1471 360 Ea
1508 333 1627 373 vero,
1661 333 1774 374 quae
1806 319 2104 361 celeberrimis

368 390 510 444 mina,
553 405 666 445 quae
705 390 1005 431 celeberrimis
1045 391 1220 446 aliquot
1257 389 1431 444 aliquot
1475 389 1635 431 diebus
1681 390 1920 446 propalam
1971 390 2105 431 collo-

367 461 525 503 diebus
571 461 805 517 propalam
845 461 1144 515 collocantur,
1194 476 1219 502 a
1256 464 1429 514 cantur,
1453 464 1505 501 ut
1542 460 1742 502 carmina
1774 465 1819 502 et
1861 461 1974 502 aliae
1999 462 2104 503 scri-
2150 512 2152 516 Ι

368 532 542 573 duobus
563 547 642 587 per
663 532 901 573 Rectorem
927 532 1218 586 designandis
1255 531 1451 587 ptioneS,
1494 546 1519 572 a
1552 531 1726 572 duobus
1757 547 1835 587 per
1867 532 2103 573 Rectorem

368 603 580 657 legantur
612 604 777 657 omnia,
802 608 938 658 atque
962 603 1133 658 optima
1155 618 1217 643 se·
1255 602 1547 656 designandis
1562 602 1774 657 legantur
1790 603 1953 657 omnia,
1973 607 2105 658 atque

366 674 582 728 ligantur.
1253 673 1423 730 optima
1456 673 1718 727 seligantur.

513 746 557 791 4.
621 746 820 799 Regulas
852 745 1176 799 lislagistrorum
1207 745 1470 786 interiorum
1502 749 1546 784 et
1577 744 1835 785 auditorum
1867 744 2031 786 habeat
2059 750 2104 785 et

368 817 551 873 perinde
584 832 635 858 ac
667 832 769 857 suas
809 816 964 857 sedulo
1003 820 1129 857 curet
1171 815 1490 857 observandas
1553 815 1796 869 Magistros
1828 815 1948 871 ipsos
1981 814 2106 869 juvet

367 903 419 929 ac
453 888 636 943 dirigat,
670 888 956 942 maximeque
987 891 1159 941 caveat,
1192 887 1380 942 nequid
1413 885 1532 942 apud
1557 885 1684 939 alios,
1716 885 1974 942 praesertim
1999 900 2105 927 vero

370 958 628 1014 discipulos,
662 958 715 1000 de
746 973 900 999 eorum
933 957 1266 999 existimatione
1299 962 1434 1012 atque
1466 956 1737 998 auctoritate
1769 956 2043 998 detrahatur.

515 1029 559 1075 ’5.
622 1030 897 1086 Magnopere
932 1033 1102 1084 caveat,
1136 1033 1188 1070 ut
1220 1028 1329 1070 novi
1361 1032 1669 1084 praeceptores
1692 1027 1971 1069 decessorum
2003 1042 2104 1069 suo—

367 1117 467 1143 rum
503 1100 694 1142 docendi
727 1115 897 1142 morem
930 1106 974 1142 et
999 1101 1111 1142 alias
1133 1099 1494 1153 consuetudines,
1529 1114 1554 1140 a
1585 1102 1740 1140 nostra
1763 1104 1911 1140 tamen
1933 1099 2106 1140 ratione

371 1187 463 1213 non
497 1172 682 1226 alienaS,
715 1172 869 1213 sedulo
893 1172 1133 1225 retineant,
1167 1186 1255 1226 quo
1279 1170 1428 1211 minus
1449 1170 1624 1211 externi
1648 1169 1931 1225 frequentem
1963 1169 2108 1225 Magi-

376 1248 572 1284 strorum
606 1242 904 1284 mutationem
937 1242 1154 1283 incusent.

517 1316 561 1359 (5.
625 1313 796 1363 Quinto
843 1314 1014 1354 decimo
1061 1327 1238 1368 quoque
1278 1313 1349 1354 die
1387 1312 1626 1354 minimum
1660 1311 1863 1367 singulos
1896 1311 2106 1352 docentes

369 1386 544 1440 audiat,
581 1386 798 1439 observet,
832 1399 890 1426 an
923 1384 1157 1425 doctrinae
1190 1383 1472 1425 Christianae
1513 1383 1715 1425 debitum
1754 1387 1932 1439 tempus
1972 1386 2106 1437 atque

368 1471 546 1513 operam
579 1457 799 1511 tribuant,
832 1471 903 1510 an,
936 1459 1159 1511 quantum
1191 1456 1301 1496 satis
1333 1460 1414 1509 est,
1446 1455 1494 1496 in
1526 1469 1605 1496 suo
1638 1469 1776 1511 penso
1809 1458 1906 1496 tum
1938 1453 2104 1510 persol-

368 1529 516 1571 vendo
566 1533 663 1570 tum
712 1528 948 1569 recolendo
987 1526 1354 1584 progrediantur,
1402 1541 1459 1568 an
1498 1526 1691 1581 denique
1730 1540 1833 1566 cum
1872 1525 2106 1581 discipulis

370 1600 527 1641 decore
559 1615 612 1642 ac
644 1600 935 1641 laudabiliter
966 1614 1010 1639 se
1043 1599 1090 1639 in
1121 1598 1254 1639 rebus
1287 1597 1496 1640 omnibus
1528 1601 1700 1653 gerant.

514 1672 550 1717 7.
616 1672 732 1713 Τ11111
764 1671 901 1712 festos
934 1670 1027 1712 dies
1064 1674 1108 1712 et
1145 1671 1422 1724 vacationes,
1470 1669 1564 1712 sive
1609 1667 1857 1725 provinciis
1897 1667 2104 1708 omnibus

371 1758 640 1797 communes,
665 1742 759 1784 sivc
784 1757 888 1783 suae
903 1742 1119 1798 proprias,
1143 1741 1404 1797 praesertim
1426 1739 1811 1793 hebdomadarias,
1834 1742 1932 1780 tum
1956 1738 2102 1792 horas,

368 1814 531 1870 quibus
563 1828 739 1869 quoque
773 1813 881 1855 anni
914 1818 1114 1869 tempore
1144 1812 1425 1853 inchoandae
1447 1811 1623 1853 scholae
1645 1814 1752 1852 sunt
1783 1825 1834 1851 ac
1864 1809 2102 1862 finiendae,

370 1890 542 1927 mature
584 1893 829 1939 cognoscat
862 1884 1184 1940 Magistrisque
1231 1883 1475 1939 significet:
1515 1881 1695 1938 quando
1739 1882 1846 1922 item
1892 1879 2100 1936 discipuli

369 1957 425 1998 ad
457 1957 662 2013 publicas
685 1956 1036 2013 supplicationes
1068 1956 1246 2011 aliaque
1277 1956 1325 1997 id
1347 1969 1489 2010 genus
1511 1952 1785 2008 dimittendi,
1818 1956 1896 1994 aut
1928 1950 2098 2006 aliquid

369 2033 500 2069 extra
533 2027 736 2069 ordinem
770 2042 904 2083 agere
931 2026 1121 2082 jubendi
1154 2042 1229 2068 seu
1263 2026 1464 2068 vetandi.

513 2100 557 2145 8.
622 2100 653 2150 ξ,
697 2102 732 2142 1.
799 2099 982 2153 Caveat,
1016 2113 1072 2140 ne
1102 2097 1283 2153 gradus,
1316 2097 1479 2153 quibus
1512 2097 1711 2153 quinque
1742 2094 1920 2137 scholae
1950 2092 2102 2135 inferi-

471 2204 479 2225 ,
510 2170 722 2213 videlicet
743 2169 1000 2224 Rhetorica,
1034 2169 1309 2211 Humanitas
1331 2173 1376 2210 et
1396 2173 1484 2209 tres
1509 2166 1856 2219 Grammaticae,
1880 2168 2101 2217 constant,

368 2242 461 2282 ulla
492 2242 666 2283 ratione
696 2242 1062 2298 permisceantur,
1095 2246 1161 2296 ut,
1194 2241 1230 2281 si
1263 2240 1443 2296 quando
1476 2239 1630 2280 classis
1670 2238 1822 2293 aliqua
1861 2236 1916 2278 ob
1950 2235 2102 2277 multi-

369 2312 574 2353 tudinem
606 2313 929 2369 discipulorum
964 2328 1017 2354 ex
1040 2312 1342 2354 Provincialis
1375 2310 1649 2367 praescripto
1681 2308 1950 2364 geminetur,
1993 2321 2100 2348 eun—

369 2384 468 2424 dem
501 2388 693 2439 utraque
727 2384 919 2438 gradum
951 2383 1162 2437 retineat,
1196 2389 1241 2424 et
1273 2383 1310 2423 si
1343 2380 1524 2437 quando
1565 2380 1715 2436 plures
1754 2380 1803 2421 in
1834 2394 1927 2420 una
1960 2378 2100 2419 classe

370 2454 573 2494 ordincs‘2
607 2458 881 2509 statuantur,
915 2455 971 2495 iis
1002 2454 1219 2510 gradibus
1249 2453 1568 2510 respondeant,
1614 2452 1690 2507 qui
1723 2451 1771 2493 in
1792 2449 1962 2506 regulis
1993 2449 2102 2490 Pro-

372 2525 588 2567 l'cssorum
622 2526 952 2568 describuntur.

611 2602 649 2650 ξ.
686 2601 724 2641 2.
788 2597 912 2647 Quae
951 2596 1184 2638 distinctio
1233 2610 1321 2651 quo
1367 2595 1527 2636 melius
1575 2593 1845 2649 faciliusque
1890 2595 2103 2644 servetur,

377 2667 530 2708 omnia
561 2667 875 2710 Emmanualis
907 2671 1060 2722 (18322
1102 2668 1448 2720 Grmmnaticae)
1496 2669 1732 2722 praecepta
1770 2669 1858 2705 tres
1889 2664 1935 2705 in
1968 2662 2105 2704 libros

371 2738 617 2779 dividenda
649 2743 767 2793 sunt,
802 2754 990 2794 quorum
1014 2737 1183 2794 singuli
1215 2737 1497 2793 singularum
1521 2736 1775 2778 scholarum
1798 2734 1890 2776 sint
1920 2732 2105 2791 proprii.

369 2185 465 2212 OI'OS

518 2929 527 2947 ¹
557 2928 651 2969 „Em
664 2927 901 2962 blelnata“
940 2927 1061 2971 patria
1087 2927 1215 2969 lingua
1247 2930 1426 2960 vocantur
1463 2926 1507 2960 ab
1544 2924 1650 2959 Italis
1679 2924 1903 2967 „Imprese‘z
1931 2933 1953 2956 a
1991 2920 2106 2956 Gallis

373 2987 570 3037 „Deviscffl
608 2987 642 3031 [a
670 2987 862 3021 Germanis
897 2986 1243 3031 „Wahlspriiche“];
1280 2986 1396 3020 latine
1431 2991 1552 3019 autmn
1575 2984 1647 3018 dici
1667 2983 1762 3017 forte
1789 2985 1936 3025 possent
1964 2982 2104 3023 „Argu-

371 3053 494 3081 menta
507 3047 861 3090 Epinhercmatmn“.
901 3045 1101 3080 Antonii
1128 3045 1372 3079 possevini
1401 3047 1434 3077 S.
1451 3044 1484 3077 J.
1508 3042 1736 3077 Bibliotheca
1755 3042 1900 3076 selecta.
1940 3040 2104 3076 '1·‹›m.11.

371 3112 402 3145 l).
430 3108 510 3141 479.
563 3106 650 3152 (Col.
678 3105 830 3151 Agripp.
862 3105 963 3147 1607,
990 3105 1104 3149 solio.)
