2153 3467
173 1378 286 1402 Divisio

145 1414 303 1444 temporis.

337 188 426 231 400

528 199 639 236 Ratio
667 200 873 238 studiorum
901 207 938 238 et
963 203 1219 243 institutiones
1246 207 1491 245 scholasticae
1517 205 1714 242 Societatis
1740 204 1830 240 Jesu
1856 205 1894 240 II

338 317 434 372 ejus
466 318 570 360 libri
603 319 660 361 ad
691 322 863 377 stylum
896 324 1137 380 aptissimi3
1173 329 1398 371 orationes
1418 333 1572 371 tamen
1594 327 1713 369 solae
1733 325 2070 383 praelegendae,

337 393 389 430 ut
420 390 528 431 artis
559 398 796 449 praecepta
827 394 875 436 in
908 397 1187 441 orationibus
1219 415 1426 458 expressa
1458 402 1711 442 cernantur.

1200 503 1205 560 Ι
1363 506 1524 556 Quoad
1554 506 1761 562 linguam
1782 504 2071 546 vernaculam

1218 577 1365 633 stylus
1380 577 1438 619 ad
1452 592 1657 619 normam
1674 576 1949 633 optimorum
1973 589 2075 617 auc-

1217 652 1368 690 torum
1402 648 1675 690 efformetur.

479 711 593 754 Eru
605 713 752 756 ditio
784 714 978 770 denique
1012 731 1065 757 ex
1097 718 1286 761 historia
1317 724 1361 761 et
1392 719 1592 760 moribus
1625 718 1847 774 gentium,
1880 733 1934 759 ex
1967 732 2071 759 auc-

338 782 522 824 toritate
555 784 826 841 scriptorum
860 790 903 827 et
936 802 988 828 ex
1029 790 1152 830 omnni
1194 789 1419 845 doctrina,
1460 790 1535 832 sed
1574 791 1753 846 parcius
1791 789 1850 831 ad
1889 793 2073 845 captum

340 852 677 910 discipulorum,
712 858 992 901 accersenda.

481 950 549 991 Ex
584 951 768 993 Graecis
808 953 865 995 ad
896 935 1212 1004 Rhetoricaml

338 1020 534 1076 pertinet
566 1023 848 1078 syllabarum
888 1026 1083 1068 maxime
1126 1028 1190 1069 di-

338 1093 510 1133 mensio
553 1098 597 1135 et
642 1095 820 1151 plenior
863 1101 1099 1140 auctorum
1146 1104 1191 1140 et

339 1162 635 1207 dialectorum
673 1167 890 1222 cognitio.
955 1169 1187 1212 Summam

337 1233 534 1289 Logicae
566 1236 614 1278 in
652 1237 740 1279 fine
778 1240 887 1280 anni
919 1240 1188 1283 Rhetoricae

340 1304 558 1361 Magister
588 1322 680 1350 non
712 1310 919 1366 explicet.

484 1377 528 1424 2.
592 1379 770 1423 Divisio
818 1382 1033 1439 temporis
1079 1383 1190 1425 haec

339 1448 441 1492 erit:
487 1450 635 1506 prima
675 1452 786 1494 liora
833 1454 1190 1496 antemeridiana

339 1520 554 1562 memoria
577 1527 850 1578 exerceatur,
884 1524 1051 1580 scripta
1070 1539 1097 1566 a
1118 1525 1190 1566 de-

340 1591 600 1634 curionibus
667 1595 856 1637 collecta
916 1596 1190 1652 Praeceptor

340 1663 551 1719 corrigat,
584 1665 736 1707 varias
768 1666 965 1722 interim,
1000 1667 1053 1709 de
1087 1668 1186 1723 qui-

341 1733 424 1775 bus
439 1735 558 1777 infra
579 1738 737 1792 regula
759 1738 932 1794 quinta,
957 1738 1189 1795 discipulis

340 1807 683 1850 exercitationes
711 1809 966 1866 injungens,
999 1810 1190 1866 denique

340 1883 567 1933 postrema
597 1881 842 1936 praelectio
874 1882 1110 1924 recolatur.

484 1951 690 1993 Secunda
705 1952 815 1994 hora
832 1953 1191 1995 antemeridiana

341 2022 634 2078 praelectioni
666 2023 799 2065 detur
830 2025 903 2066 vel
931 2028 1191 2082 praecepto-

341 2108 454 2148 rum,
473 2094 509 2135 si
526 2110 550 2136 a
563 2095 755 2151 prandio
770 2096 1018 2152 explicetur
1033 2096 1191 2151 oratic,

341 2165 413 2207 vel
445 2166 675 2222 orationis,
709 2167 747 2208 si
767 2172 1026 2224 praecepta,
1061 2168 1190 2210 dum-

341 2237 474 2279 modo
506 2238 555 2279 in
587 2252 650 2293 eo,
685 2239 806 2295 quod
838 2239 946 2281 anni
977 2240 1025 2281 in
1057 2239 1190 2281 initio

1372 958 1442 999 Ex
1477 957 1661 1000 Graecis
1693 956 1749 998 ad
1781 955 2074 997 Rlietoricam

1228 1028 1425 1084 pertinet
1486 1028 1661 1084 plenior
1727 1030 1962 1068 auctorum
2025 1041 2075 1066 ac

1229 1100 1523 1141 dialectorum
1557 1099 1771 1154 cognitio.

1371 1382 1415 1430 2.
1482 1383 1661 1426 Divisio
1708 1382 1926 1439 temporis
1965 1382 2075 1424 haec

1229 1457 1336 1510 erit;
1388 1455 1533 1513 prima
1573 1456 1683 1496 hora
1721 1453 2076 1495 antemeridiana

1229 1527 1446 1570 memoria
1497 1530 1772 1580 exerceatur,
1831 1525 1999 1582 scripta
2051 1540 2077 1566 a

1230 1598 1548 1641 decurionibus
1581 1597 1771 1639 collecta
1803 1598 2078 1652 Praeceptor

1230 1671 1440 1725 corrigat,
1473 1669 1667 1724 denique
1707 1669 1915 1709 hesterna
1955 1682 2080 1723 prae-

1227 1743 1363 1784 lectio
1402 1744 1738 1798 praeceptorum
1779 1739 2002 1780 recolatur
2034 1741 2078 1778 et

1227 1828 1347 1856 nova
1379 1813 1640 1869 explicetur.

1373 1954 1580 1997 Secunda
1627 1953 1736 1995 hora
1776 1952 1907 1994 detur
1952 1966 2078 2008 prae-

1209 2009 1412 2078 !lectioni
1453 2025 1664 2078 oratoris;
1703 2023 1915 2066 succedat
1951 2036 2075 2079 repe-

1230 2098 1334 2139 titio
1382 2102 1426 2138 et
1473 2097 1686 2150 dictetur,
1736 2095 1916 2150 quando
1966 2107 2078 2150 opus

1228 2174 1307 2225 est,
1342 2173 1658 2224 argumentum
1692 2165 1938 2222 scribendi,
1977 2165 2077 2206 reli-

1229 2256 1368 2297 quum
1400 2239 1616 2295 temporis
1646 2236 1973 2280 concertationi
2005 2236 2078 2278 vel

343 2314 550 2366 coeptum
578 2314 657 2364 est,
690 2311 950 2352 constantia
972 2315 1191 2367 servetur3
1228 2311 1486 2354 accessoriis
1519 2310 1759 2363 tribuatur,
1792 2308 1880 2349 nisi
1911 2307 2077 2348 alicubi

343 2381 552 2423 succedat
568 2381 791 2439 repetitio,
809 2387 867 2437 et,
887 2384 1068 2438 quando
1080 2399 1192 2440 opus
1228 2398 1308 2441 pro
1325 2383 1394 2424 his
1411 2380 1665 2424 accessoriis
1683 2395 1814 2421 mane
1832 2383 1877 2420 et
1895 2393 2077 2434 Vespere

342 2458 420 2508 est,
443 2458 760 2509 argumentum
782 2454 912 2496 detur
930 2455 1192 2498 scribendae
1229 2454 1451 2496 semihora
1484 2453 1690 2494 addatur.

344 2524 559 2566 orationis
591 2526 663 2567 vel
696 2526 927 2580 carminis;
968 2527 1188 2582 reliquum

345 2596 381 2636 si
414 2596 520 2651 quid
556 2601 624 2637 est
655 2598 870 2654 temporis
904 2598 974 2639 vel
1014 2613 1192 2640 concer—

346 2668 510 2709 tationi
542 2668 613 2710 vel
648 2668 717 2724 iis,
751 2683 863 2724 quae
903 2669 1050 2725 prima
1083 2670 1214 2711 hora!

344 2739 616 2795 scripserint,
647 2740 1018 2795 recognoscendis
1047 2741 1192 2782 tribu-

346 2816 459 2853 atur.

487 2883 642 2925 Prima
657 2883 768 2924 hora
785 2882 1097 2939 pomeridiana
1114 2882 1191 2924 ha-

350 2954 504 2996 beatur
513 2954 932 3011 postrepetitionem
943 2959 1193 3010 postremae

347 3040 468 3067 nova
499 3025 738 3082 praelectio
777 3025 849 3067 Vel
889 3024 1124 3077 orationis,
1156 3024 1192 3064 si

348 3111 479 3138 mane
530 3100 771 3153 praecepta
832 3095 1057 3151 exposita,
1121 3094 1190 3137 vel

1373 2880 1565 2936 Vespere
1597 2878 1742 2935 prima
1772 2878 1883 2920 hora
1914 2877 2076 2919 habea-

1231 2955 1304 2992 tur
1336 2955 1436 3007 post
1468 2950 1778 3006 repetitionem
1812 2962 1933 2991 nova
1953 2963 2076 3003 prae-

1231 3022 1363 3063 lectio
1404 3026 1764 3078 praeceptorum,
1805 3024 1849 3061 et
1888 3032 2074 3074 graecus

1231 3093 1555 3135 vernaculusve
1588 3096 1744 3133 auctor
1775 3089 2035 3146 explicetur.
