2089 3381
628 140 673 176 R.
699 144 747 177 st.
778 140 879 176 1586.
920 138 1259 175 Commentariolus.
1741 129 1797 172 55

99 264 190 303 tem
211 260 489 318 temporibus
508 260 774 304 haberemus
793 257 1103 313 Theologiam.
1152 257 1452 313 Subijciemus
1476 258 1628 314 aliqua
1649 274 1798 302 exem-

98 331 176 389 pla
204 331 539 389 perspicuitatis
571 346 718 375 causa.
779 329 1053 373 Permissum
1085 333 1165 384 est,
1198 328 1390 371 doceant
1421 330 1499 385 qui
1529 330 1674 372 velint
1696 346 1799 373 cum

101 402 249 458 Scoto,
289 403 523 459 Durando,
564 403 901 457 Bonauentura,
941 400 1232 455 Ariminensi,
1275 399 1487 443 Gabriele
1528 404 1572 442 et
1603 401 1717 457 alijs,
1750 402 1799 443 in

98 473 242 531 primo
282 474 478 516 instanti
515 489 620 517 suae
658 472 897 516 creationis
931 471 1132 530 potuisse
1163 471 1392 527 Angelum
1427 486 1608 528 peccare
1639 473 1798 514 saltem

97 548 283 601 peccato
316 545 583 600 omissionis,
615 548 660 587 et
688 544 788 599 hoc,
821 544 930 600 quia
957 546 1164 601 respectu
1184 542 1490 598 cuiuscunque
1513 546 1641 585 actus
1663 543 1799 585 etiam

99 614 217 658 circa
260 615 473 659 vltimum
515 615 652 658 finem
692 619 736 658 et
777 615 948 658 bonum
991 614 1041 656 in
1084 613 1326 668 communi,
1367 613 1594 656 viatorem
1638 613 1801 656 habere

97 685 355 729 libertatem
407 686 622 743 exercitij,
669 701 784 743 quae
836 685 1003 728 sufficit
1047 689 1232 743 peccato
1279 684 1548 739 omissionis,
1595 684 1801 727 fatentur

99 770 266 799 omnes.
329 757 567 800 Putabunt
598 757 753 814 aliqui,
786 757 872 800 hoc
904 772 996 799 esse
1019 761 1176 800 contra
1199 756 1243 799 S.
1261 756 1495 810 Thomam,
1518 755 1597 812 qui
1620 759 1657 801 1.
1675 757 1799 798 Part.

99 826 152 878 Q.
188 831 257 873 63.
290 827 388 872 Art.
426 830 467 874 5.
497 832 637 885 negat
678 829 728 871 in
765 828 909 886 primo
947 828 1139 871 instanti
1177 827 1377 885 potuisse
1418 842 1509 869 esse
1540 827 1590 869 in
1620 827 1800 884 Angelo

98 899 243 942 Vllum
274 903 425 942 actum
456 899 768 943 inordinatum
798 900 930 943 liberi
960 898 1150 956 arbitrij,
1184 899 1290 956 quia
1320 898 1468 956 prima
1499 899 1699 956 operatio
1732 903 1800 941 est

99 970 156 1012 ab
188 975 343 1013 autore
374 975 576 1014 naturae.
639 972 703 1014 At
732 971 841 1015 haec
874 972 918 1015 S.
937 971 1137 1013 Thomae
1168 970 1308 1013 verba
1339 973 1504 1012 sonant
1534 970 1680 1012 solum
1701 985 1801 1027 pec..

99 1045 251 1084 catum
290 1042 630 1099 commissionis,
672 1059 698 1086 a
734 1043 862 1086 cuius
898 1041 1143 1098 negatione
1181 1056 1275 1084 non
1319 1048 1506 1098 apparet
1550 1042 1801 1084 necessaria

99 1112 250 1156 illatio
295 1113 353 1156 ad
391 1118 631 1172 peccatum
669 1114 924 1157 omissionis
961 1113 1235 1169 negandum,
1275 1112 1396 1169 quod
1437 1112 1532 1155 sine
1570 1113 1665 1155 vllo
1702 1128 1801 1170 pec-

99 1187 199 1227 cato
255 1185 581 1228 commissionis
634 1201 727 1229 esse
776 1189 925 1244 potest
976 1185 1107 1227 iuxta
1150 1185 1194 1227 S.
1233 1184 1455 1227 Thomam
1502 1187 1541 1228 1.
1578 1187 1618 1229 2.
1666 1183 1718 1234 Q.
1758 1188 1797 1229 6.

98 1255 197 1298 Art.
233 1258 273 1302 3.
311 1261 357 1299 et
393 1256 445 1307 Q.
478 1261 547 1302 71.
582 1257 680 1300 Art.
709 1259 749 1303 5.
786 1257 868 1301 vbi
911 1256 1054 1311 docet,
1094 1271 1186 1298 esse
1223 1269 1350 1313 posse
1386 1259 1622 1313 peccatum
1661 1270 1799 1313 purae

99 1326 354 1371 omissionis
391 1328 488 1372 sine
519 1329 613 1373 vllo
641 1333 747 1373 actu
776 1328 1045 1372 voluntatis.
1108 1327 1206 1370 Imo
1240 1327 1285 1372 S.
1309 1327 1505 1370 Thomas
1536 1327 1718 1381 fatetur,
1750 1327 1799 1369 in

98 1398 244 1456 primo
283 1399 477 1443 instanti
518 1400 730 1444 habuisse
768 1400 1000 1456 Angelum
1039 1399 1297 1441 libertatem
1338 1397 1562 1454 exercitij;
1604 1402 1651 1440 at
1688 1397 1799 1441 haec

93 1469 188 1512 sola
234 1470 400 1513 sufficit
444 1486 583 1528 purae
633 1471 880 1515 omissioni.
951 1470 1100 1520 Quare
1140 1469 1179 1511 si
1218 1470 1263 1512 S.
1293 1469 1297 1526 Ι
1333 1469 1529 1512 Thomas
1562 1484 1664 1511 cum
1696 1484 1796 1527 pro-
1850 1506 1855 1512 .
1915 1506 1921 1512 .

93 1540 376 1584 babilissima
407 1542 619 1599 opinione
648 1542 927 1599 reliquorum
959 1542 1209 1585 Doctorum
1240 1541 1315 1583 vel
1337 1541 1563 1596 conuenit,
1584 1541 1657 1583 vel
1680 1556 1798 1583 com-

94 1611 225 1655 mode
266 1613 431 1670 exponi
470 1617 630 1671 potest,
675 1619 727 1657 ut
771 1614 1028 1669 conueniat,
1076 1628 1190 1670 quae
1229 1612 1475 1655 necessitas
1518 1616 1603 1669 est,
1647 1616 1698 1655 vt
1742 1612 1799 1654 ad

92 1682 437 1741 improbabilem
494 1685 765 1742 opinionem,
817 1701 953 1742 quam
1002 1699 1226 1741 nusquam
1277 1685 1506 1741 expressit,
1559 1684 1800 1726 trahatur?

93 1754 365 1814 Exemplum
404 1757 611 1802 alterum.
674 1757 926 1800 Definitum
967 1759 1048 1810 est,
1092 1754 1290 1812 suppleri
1330 1769 1356 1796 a
1394 1754 1567 1797 Diuina
1605 1755 1798 1797 essentia

92 1829 241 1872 vicem
286 1829 450 1888 speciei
488 1829 796 1886 intelligibilis
841 1829 956 1871 citra
995 1827 1137 1870 vllam
1184 1841 1367 1883 prorsus
1412 1825 1795 1868 informationem.

94 1901 208 1955 Hoc,
241 1900 361 1943 dicet
392 1901 569 1957 aliquis,
602 1905 670 1943 est
701 1904 859 1943 contra
890 1901 935 1944 S.
958 1899 1180 1941 Thomam
1201 1898 1369 1954 passim
1399 1897 1646 1952 docentem,
1675 1897 1797 1940 vniri

94 1971 313 2014 Diuinam
350 1972 590 2014 essentiam
622 1986 724 2014 cum
755 1971 993 2013 intellectu
1024 1974 1076 2013 vt
1108 1969 1303 2011 formam
1334 1984 1429 2011 non
1459 1969 1509 2011 in
1540 1984 1633 2011 esse
1665 1972 1796 2011 natu-

93 2043 191 2097 rali,
231 2043 308 2085 sed
344 2042 591 2085 secundum
629 2057 722 2084 esse
760 2041 1066 2097 intelligibile,
1111 2044 1155 2083 et
1186 2055 1265 2097 per
1298 2055 1342 2082 se
1374 2040 1520 2097 ipsam
1550 2040 1697 2082 facere
1728 2040 1797 2082 in-

94 2115 322 2157 tellectum
353 2114 402 2157 in
434 2118 541 2157 actu
571 2114 746 2171 primo]
808 2114 980 2156 Verum
1010 2113 1120 2155 haec
1142 2111 1308 2169 exponi
1329 2116 1518 2169 possunt
1540 2112 1794 2169 dupliciter.

94 2185 262 2241 Primo,
294 2190 347 2229 vt
377 2186 487 2228 haec
517 2185 626 2228 vnio
659 2186 719 2228 sit
751 2184 971 2241 quaedam
1002 2184 1266 2226 informatio
1298 2199 1376 2240 per
1403 2184 1588 2226 modum
1609 2183 1794 2238 formae,

97 2262 143 2300 et
173 2257 259 2300 hoc
304 2262 382 2312 est,
423 2258 543 2313 quod
575 2257 874 2299 communiter
905 2256 1118 2312 reijcitur,
1153 2256 1258 2311 quia
1290 2255 1489 2312 intelligi
1520 2256 1601 2299 ¹vix
1632 2260 1795 2312 potest,

96 2329 320 2386 quomodo
359 2327 575 2371 informet
614 2343 718 2371 vere
757 2328 1002 2370 secundum
1045 2342 1138 2369 esse
1177 2327 1482 2382 intelligibile,
1515 2341 1606 2369 non
1639 2341 1794 2368 secun-

97 2402 205 2444 dum
237 2415 329 2443 esse
360 2400 580 2443 naturale.
645 2399 852 2443 Secundo
885 2399 1034 2453 modo,
1066 2403 1118 2441 Vt
1149 2398 1259 2440 haec
1290 2398 1399 2441 vnio
1434 2397 1494 2440 sit
1526 2398 1620 2440 sola
1651 2412 1795 2439 essen-

96 2473 187 2516 tiae
227 2472 500 2526 immediata,
541 2471 620 2514 sed
659 2471 911 2514 extrinseca
953 2470 1209 2513 assistentia
1249 2469 1305 2511 ad
1343 2470 1550 2512 effectiue
1590 2468 1795 2511 determi-

97 2543 299 2586 nandum
353 2543 635 2585 intellectum
683 2542 740 2585 ad
779 2542 865 2585 hoc
912 2542 1152 2595 obiectum,
1200 2545 1244 2583 et
1285 2541 1394 2583 haec
1439 2541 1619 2583 dicatur
1668 2544 1794 2582 actus

97 2615 282 2673 primus,
315 2614 435 2670 quia,
467 2614 551 2656 hac
582 2614 744 2671 posita,
777 2614 841 2656 sic
873 2618 938 2656 est
969 2613 1228 2655 intellectus
1258 2612 1308 2654 in
1341 2616 1445 2654 actu
1468 2611 1613 2669 primo
1634 2615 1794 2667 potens

98 2686 251 2729 videre
288 2686 447 2739 Deum,
485 2689 537 2727 vt
574 2700 667 2727 esse
706 2686 833 2740 solet,
872 2700 974 2727 cum
1011 2682 1285 2726 informatur
1325 2683 1469 2740 specie
1510 2681 1794 2737 intelligibili

101 2758 290 2800 aliorum
330 2757 626 2799 obiectorum:
661 2760 705 2798 et
736 2756 821 2798 hoc
852 2760 918 2798 est
951 2770 1044 2797 esse
1076 2754 1268 2796 formam
1301 2753 1546 2796 secundum
1579 2768 1670 2794 esse
1702 2766 1794 2793 non

99 2829 319 2883 naturale,
352 2828 429 2870 sed
459 2827 764 2882 intelligibile,
797 2827 903 2882 quia
935 2825 1112 2883 perficit
1142 2825 1429 2867 intellectum
1458 2839 1551 2866 non
1573 2823 1628 2865 ad
1651 2837 1794 2865 essen-

101 2900 209 2943 dum
248 2899 499 2941 formaliter
539 2899 689 2955 aliquo
733 2898 880 2952 modo,
918 2897 995 2940 sed
1034 2897 1091 2939 ad
1129 2896 1494 2953 intelligendum,
1535 2894 1654 2950 quod
1687 2897 1791 2935 ante

98 2985 192 3013 non
236 2974 427 3028 poterat,
466 2968 668 3012 effectiue
708 2969 1035 3011 determinatur
1075 2968 1130 3010 ab
1170 2968 1431 3010 extrinseco.
1504 2967 1647 3017 Certe,
1690 2977 1791 3005 cum

100 3041 295 3099 priorem
326 3040 511 3084 modum
540 3055 773 3097 nunquam
805 3040 850 3084 S.
872 3040 1077 3089 Thomas¹
1100 3040 1340 3097 exprimat,
1374 3042 1417 3080 et
1438 3052 1539 3080 cum
1562 3032 1792 3078 commode
