2148 3402
623 183 665 216 R.
692 186 737 219 st.
765 183 867 218 1586.
917 182 1204 226 Disputationes.
1678 174 1755 216 101

68 300 211 357 tiplex
248 304 536 343 externorum
584 315 823 342 concursus
860 300 1040 355 longius
1080 315 1152 342 eas
1191 301 1394 356 protrahi
1426 303 1645 347 suaderet.
1710 305 1758 346 Si

69 371 157 413 duo
188 371 237 413 in
268 370 550 413 hebdomada
581 370 750 413 fuerint
780 370 908 424 festa,
955 371 1029 412 vel
1067 385 1210 413 vnum
1250 370 1416 413 festum
1457 388 1557 414 cum
1590 389 1758 417 reona-

67 441 204 484 tionis
223 441 309 496 die,
332 441 574 497 legendum
598 442 764 498 potius,
786 454 920 496 quam
942 441 1264 498 disputandum
1282 442 1462 484 videtur
1478 443 1526 484 in
1545 444 1758 486 Sabbata.

67 514 123 555 In
153 513 405 568 Lusitania,
439 528 526 569 quo
560 513 670 554 haec
703 513 871 553 seruari
902 512 1075 568 possint
1105 512 1404 566 commodius,
1451 529 1553 555 cum
1585 514 1760 557 duobus

70 583 225 627 diebus
248 589 458 639 cessatur,
491 582 880 641 praetermittatur
912 588 1020 625 tunc
1046 587 1170 625 actus
1199 582 1312 624 feria
1340 586 1379 627 5.
1403 584 1562 626 solitus
1588 585 1758 628 haberi.

209 659 248 699 2.
313 655 564 697 Dominicis
604 654 741 697 etiam
784 653 941 696 diebus
980 654 1281 696 defendamur
1326 655 1633 697 conclusiones
1679 673 1759 713 pu-

65 725 195 770 blice.
257 726 305 768 ld
336 726 456 768 enim
487 726 632 781 magis
664 725 875 780 congruit
901 725 1319 767 Gonstitutionibus
1352 726 1402 767 P.
1425 729 1464 769 4.
1490 727 1537 768 O.
1563 731 1601 770 6.
1622 742 1664 771 n.
1689 731 1757 771 10.

65 796 139 839 vel
168 796 206 838 si
251 797 298 839 id
338 796 436 838 fieri
473 796 653 853 nequit,
699 796 914 853 priuatim
934 801 938 853 [
962 811 987 838 a
1017 797 1194 839 Nostris
1227 797 1309 838 sub
1341 802 1637 854 praeceptore,
1683 799 1760 854 qui

66 867 271 923 proximo
293 867 484 910 sabbato
517 881 610 910 non
642 867 907 924 disputauit,
939 867 1074 923 idque
1103 883 1183 924 per
1204 867 1524 923 sesquihorani.
1588 870 1648 911 Et
1679 870 1761 913 vbi

63 952 156 979 non
186 941 336 994 potest
366 937 515 980 adesse
546 943 822 995 praeceptor,
869 938 1038 995 praesit
1069 939 1202 980 alius:
1252 944 1624 994 argumentemur
1654 944 1758 994 tres,

65 1008 257 1064 quilibet
287 1009 398 1051 hora
431 1009 632 1051 dimidia.
694 1009 768 1052 Ad
790 1009 838 1051 id
856 1009 1064 1051 Lusitani
1086 1024 1179 1051 non
1199 1014 1304 1051 sunt
1324 1009 1558 1064 obligandi
1577 1016 1759 1068 propter

62 1078 321 1135 frequentes
355 1084 479 1122 actus
512 1084 556 1122 et
588 1080 876 1136 quotidianas
909 1084 1123 1136 quattuor
1154 1080 1370 1123 lectiones
1411 1084 1454 1122 et
1490 1096 1656 1137 paucas
1695 1098 1762 1124 re-

62 1149 329 1193 laxationes.

206 1224 246 1267 3.
267 1222 342 1264 Ad
355 1222 465 1265 haec
485 1223 687 1279 quolibet
702 1237 866 1277 mense,
881 1228 1059 1280 praeter
1081 1223 1275 1265 aestiuos
1297 1223 1407 1265 duos
1427 1224 1626 1279 vltimOS,
1643 1239 1759 1268 com-

63 1306 221 1335 munes
244 1307 294 1335 ac
317 1294 551 1349 generales
575 1293 690 1336 fiant
710 1294 759 1336 in
780 1293 955 1336 Scholis
976 1293 980 1352 Ι
1001 1294 1329 1351 disputationes
1350 1310 1481 1337 mane
1510 1300 1554 1337 et
1574 1311 1757 1353 vespere
1777 1325 1806 1349 p.
1820 1316 1879 1342 127.

61 1366 158 1405 toto
199 1367 399 1421 tempore
433 1364 712 1420 scholarum,
745 1365 784 1408 si
815 1365 1087 1408 Professores
1119 1365 1211 1407 sint
1241 1371 1349 1408 tres:
1398 1367 1468 1408 sin
1501 1367 1602 1422 duo,
1644 1368 1755 1410 duas

62 1432 195 1476 horas
242 1449 335 1477 non
373 1435 611 1491 excedant,
657 1436 747 1478 nisi
791 1436 840 1478 id
880 1440 1166 1479 externorum
1212 1435 1468 1492 frequentia
1508 1437 1757 1480 Doctorum

63 1503 254 1547 subinde
300 1505 501 1549 breviter
542 1508 960 1563 argumentantium
1001 1508 1211 1565 postulet.
1274 1507 1395 1557 Quot
1430 1507 1601 1550 fuerint
1646 1509 1754 1551 Pro-

63 1573 262 1631 fessores,
295 1576 485 1620 totidem
508 1582 552 1620 et
574 1579 801 1621 auditores
822 1579 1079 1633 defendant,
1112 1578 1247 1622 Vnius
1276 1579 1468 1635 quilibet
1489 1579 1756 1622 Professoris

63 1647 369 1703 quaestiones,
416 1652 460 1690 et
504 1649 766 1692 moderante
811 1650 1070 1693 universam
1116 1650 1469 1707 disputationem
1519 1650 1755 1693 Praefecto

62 1717 332 1761 studiorum:
383 1719 669 1776 praesideant
699 1735 722 1763 e
769 1721 961 1763 scamnis
1004 1721 1294 1776 ProfessoreS,
1342 1721 1533 1777 quilibet
1583 1737 1676 1777 suo,
1710 1726 1756 1764 et

60 1787 233 1830 instent
264 1789 525 1845 aliquando:
566 1806 647 1834 nec
678 1806 794 1835 Vnus
824 1796 1130 1849 prosequatur,
1172 1792 1293 1848 quod
1323 1792 1437 1834 alter
1462 1792 1556 1848 jam
1588 1792 1755 1835 exami-

60 1859 203 1902 navit.
266 1860 470 1911 Quilibet
502 1866 840 1918 argumentator
871 1867 1027 1905 contra
1059 1863 1170 1905 duos
1210 1863 1412 1920 disputet
1449 1863 1753 1917 defendentes,

60 1944 271 1986 quorum,
293 1936 517 1988 quatenus
538 1932 636 1975 fieri
657 1937 826 1990 potest,
848 1934 926 1990 qui
946 1949 1076 1976 mane
1098 1933 1246 1976 fuerat
1265 1935 1400 1991 prior,
1434 1935 1493 1976 sit
1516 1949 1541 1976 a
1562 1935 1753 1991 prandio

60 2003 293 2059 posterior.
357 2003 747 2059 Argumententur
778 2019 870 2047 non
901 2006 1064 2057 minus,
1097 2020 1233 2061 quam
1263 2010 1353 2047 tres
1385 2021 1530 2060 mane,
1564 2006 1754 2048 totidem

61 2087 88 2115 a
127 2074 339 2130 prandio:
388 2075 608 2117 Intersint
652 2076 708 2133 ijs
748 2077 986 2119 menstruis
1027 2076 1412 2133 disputationibus
1460 2076 1535 2132 alij
1577 2092 1753 2133 quoque

62 2144 278 2187 Doctores
300 2146 454 2188 Nostri
484 2146 540 2188 ad
567 2147 830 2190 instandum
852 2148 1111 2203 aliqua-ndo,
1145 2148 1308 2189 saltem
1330 2162 1408 2204 per
1430 2147 1587 2189 horam
1608 2163 1751 2203 mane,

61 2216 134 2257 vel
154 2231 180 2258 a
200 2216 404 2272 prandiO.
466 2218 658 2260 Externi
688 2233 866 2274 quoque
890 2219 1107 2261 Doctores
1138 2218 1326 2260 inuitari
1347 2222 1535 2274 possunt
1556 2234 1581 2260 a
1603 2218 1752 2260 defen-

63 2286 273 2329 dentibus
293 2288 350 2330 ad
372 2289 804 2345 argumentandum:
835 2289 910 2331 sed
932 2289 981 2331 in
1002 2289 1191 2345 priuatis
1213 2289 1307 2330 sine
1332 2289 1505 2332 delectu
1528 2289 1752 2331 Praefecti

61 2357 109 2399 id
151 2372 244 2399 non
283 2358 376 2401 fiat.
444 2360 618 2402 Instare
664 2364 816 2402 tamen
861 2359 935 2403 vel
977 2374 1148 2402 novum
1191 2360 1382 2402 inserere
1433 2365 1750 2416 argumentum

61 2428 329 2485 prohibendi
359 2444 451 2472 non
482 2435 599 2473 sunt.

203 2503 243 2544 4.
276 2501 461 2543 Praeter
499 2501 874 2544 hebdomadarias
913 2506 957 2544 et
994 2506 1248 2544 menstruas
1280 2502 1608 2559 disputationes
1637 2502 1751 2545 fiant

64 2574 108 2612 et
139 2570 194 2613 ab
227 2571 334 2613 anni
366 2572 518 2628 quarti
549 2573 829 2615 auditoribus
862 2579 988 2616 actus
1019 2573 1213 2630 publici:
1254 2588 1444 2630 quorum
1483 2573 1623 2629 aliqui
1660 2574 1751 2615 sint

64 2642 371 2698 particulares,
411 2642 496 2685 hoc
532 2648 617 2699 est,
658 2644 792 2687 Vnius
827 2645 971 2701 partis
1004 2645 1290 2700 Theologiae,
1333 2649 1376 2686 et
1416 2645 1579 2687 durent
1609 2660 1749 2700 usque

66 2712 123 2754 ad
153 2713 340 2755 Pascha.
401 2714 543 2769 quue
581 2715 655 2757 vel
692 2715 741 2757 in
779 2716 981 2770 sabbato,
1021 2731 1109 2772 quo
1142 2715 1412 2758 omittantur
1453 2716 1566 2757 aliae
1600 2716 1750 2772 dispu-

65 2783 279 2839 tationes,
319 2784 393 2827 vel
433 2784 481 2826 in
518 2784 632 2828 festo
664 2786 814 2829 minus
846 2787 1031 2842 celebri,
1073 2787 1146 2828 vel
1182 2787 1313 2829 aliter
1343 2786 1505 2829 feriato
1538 2787 1630 2828 die:
1674 2786 1748 2843 alij

68 2853 158 2896 sint
194 2855 439 2910 generaleS,
478 2855 563 2898 hoc
602 2861 689 2911 est,
729 2857 871 2900 totius
902 2858 1188 2914 Theologiae,
1235 2863 1280 2900 et
1316 2858 1401 2900 hae
1440 2858 1749 2900 conclusiones

69 2925 173 2980 (nisi
193 2926 467 2968 consuetudo
488 2926 535 2968 id
556 2942 842 2984 nequaquam
865 2928 996 2983 ferat)
1029 2929 1360 2986 imprimantur,
1395 2933 1439 2970 et
1460 2929 1550 2970 sint
1572 2928 1749 2970 eaedem

70 2995 338 3054 comflmunes
378 2997 584 3039 omnibus
622 2992 820 3041 Nostris:
868 3000 1059 3042 Externi
1103 3015 1300 3056 namque
1339 3000 1543 3056 proprias
1583 2998 1746 3040 habere
1768 3014 1872 3046 p.128.

68 3073 266 3123 possunt.
328 3068 558 3126 Incipiant
601 3083 707 3112 vero
753 3074 854 3126 post
891 3071 1065 3113 Pascha
1112 3075 1157 3113 et
1202 3071 1264 3113 sic
1310 3071 1652 3123 distribuantur,
1700 3072 1752 3110 ut
