2143 3462
59 623 142 646 Finis
163 623 330 646 studiorum

111 657 274 682 societatis.

129 1049 221 1074 I'rm‘s,
244 1050 320 1072 stud.

152 1085 307 1115 gon-walis.

149 1719 240 1743 Pravs.
262 1724 298 1743 sl.

143 1755 315 1779 infr-riorum

164 1797 192 1814 et
211 1791 291 1815 atrii.

119 2077 299 2101 Profvssnrffi

137 2113 282 2142 quomodo

109 2148 308 2179 comparandi.

82 2386 109 2410 S.
132 2387 301 2417 scripturae

106 2423 236 2447 studium
260 2427 286 2447 vt

122 2459 265 2488 alagise-r.

153 2758 308 2780 Antinum

139 2796 167 2815 vt
188 2796 314 2824 tempus.

346 204 433 245 234
524 212 633 246 Ratio
661 213 862 247 studiorum
890 217 927 247 et
953 213 1209 248 institutiones
1234 214 1476 249 scholasticae
1502 214 1698 250 Societatis
1724 216 1813 250 Jesu
1837 217 1875 250 II

1096 409 1222 450 Nro.
1255 408 1324 450 13.

660 515 916 592 Regulae
962 512 1301 591 Praepositi
1345 512 1764 575 Provincialis

482 622 522 667 1.
557 623 671 664 Cum
704 638 756 664 ex
790 620 1016 678 primariis
1049 621 1288 664 Societatis
1319 625 1501 663 nostrae
1534 621 1797 662 ministeriis
1833 637 1974 663 unum
2007 622 2079 676 sit,

341 709 494 735 omnes
516 694 777 750 disciplinas
799 695 1018 736 Instituto
1041 698 1193 736 nostro
1217 699 1517 750 congruentes
1543 695 1608 736 ita
1639 696 1856 751 proximis
1887 697 2079 752 tradere,

340 773 391 809 ut
431 768 537 809 inde
577 768 633 809 ad
668 767 926 810 Conditoris
968 782 1019 809 ac
1059 767 1376 823 Redemptoris
1415 768 1559 809 nostri
1598 768 1904 823 cognitionem
1943 772 2079 824 atque

342 854 538 881 amorem
572 840 847 893 excitentur,
887 838 1010 880 omni
1050 838 1200 881 studio
1232 839 1481 881 curandum
1513 839 1600 882 sibi
1631 844 1759 896 putet
1789 841 2079 897 Praepositus

340 910 654 964 Provincialis,
688 915 740 952 ut
771 914 865 952 tam
897 910 1143 966 multiplici
1173 910 1427 952 scholarum
1450 915 1704 953 nostrarum
1724 911 1871 954 labori
1891 912 2079 968 fructus,

340 998 471 1037 quem
504 981 654 1037 gratia
686 986 868 1024 nostrae
899 981 1151 1024 vocationis
1184 982 1341 1038 exigit,
1375 982 1555 1024 abunde
1585 983 1865 1040 respondeat.

488 1053 535 1099 2.
569 1053 767 1096 Proinde
804 1069 897 1095 non
935 1054 1081 1095 solum
1118 1053 1166 1095 id
1197 1053 1383 1095 Rectori
1426 1053 1559 1095 valde
1597 1054 1878 1096 commendet
1908 1054 1958 1096 in
1990 1054 2079 1096 Do-

341 1125 477 1171 mino,
511 1124 590 1166 sed
623 1125 662 1167 ei
696 1126 834 1166 etiam
866 1124 1149 1167 Praefectum
1182 1124 1433 1167 studiorum
1466 1125 1540 1167 vel
1560 1125 1890 1167 Cancellarium
1921 1125 2079 1181 adjun-

337 1200 436 1249 gat,
485 1196 634 1237 virum
675 1196 723 1237 in
761 1196 925 1238 litteris
970 1201 1010 1238 et
1040 1197 1233 1238 scientiis
1265 1197 1443 1251 egregie
1482 1200 1732 1251 versatum,
1779 1196 1857 1252 qui
1896 1200 1941 1238 et
1982 1197 2077 1239 zelo

337 1266 454 1307 bono
488 1270 532 1308 et
559 1266 730 1323 judicio
765 1267 821 1309 ad
854 1282 926 1321 ea,
966 1283 1079 1323 quae
1112 1274 1217 1310 sunt
1258 1268 1299 1309 ei
1339 1267 1683 1322 committenda,
1722 1268 1912 1324 polleat,
1951 1267 2078 1324 cujus

337 1338 396 1379 sit
436 1353 620 1393 munus,
669 1339 879 1393 generale
910 1338 1120 1381 Rectoris
1157 1340 1509 1381 instrumentum
1549 1354 1642 1381 esse
1681 1339 1738 1381 ad
1776 1339 1926 1381 studia
1965 1340 2078 1382 bene

337 1409 608 1451 ordinanda:
642 1410 715 1452 cui
734 1410 1012 1452 Professores
1035 1397 1081 1452 e't
1114 1409 1369 1453 scholastici
1401 1425 1567 1465 omnes,
1602 1415 1700 1452 tum
1733 1410 1811 1465 qui
1842 1410 1891 1452 in
1922 1411 2078 1454 eodem

337 1481 560 1535 Collegio,
610 1486 707 1523 tum
740 1481 878 1523 etiam
910 1481 947 1523 si
980 1483 1057 1538 qui
1088 1482 1136 1523 in
1169 1482 1493 1524 Convictorum
1525 1486 1569 1523 et
1601 1481 1902 1524 Alumnorum
1935 1482 2076 1525 Semi-

335 1552 473 1593 nariis
506 1553 620 1594 forte
653 1553 845 1608 degunt,
890 1558 935 1595 et
965 1554 1190 1596 Praefecti
1220 1554 1307 1610 ipsi
1339 1553 1593 1595 studiorum
1623 1553 1672 1595 in
1705 1553 1996 1607 Seminariis‚
2028 1555 2077 1596 in

334 1625 467 1666 rebus
499 1625 555 1666 ad
588 1624 739 1667 studia
769 1625 1106 1681 pertinentibus
1137 1641 1201 1679 ea,
1235 1641 1324 1681 qua
1355 1640 1437 1682 par
1469 1629 1547 1680 est,
1586 1624 1844 1667 humilitate
1874 1630 2075 1682 pareant.

480 1719 523 1766 3.
548 1720 718 1769 Quodsi
742 1721 798 1763 ob
823 1721 1064 1777 Gymnasii
1086 1720 1433 1777 amplitudinem
1459 1736 1511 1762 ac
1533 1719 1803 1762 varietatem
1834 1734 1914 1775 per
1934 1734 2076 1761 unum

336 1791 590 1834 studiorum
621 1792 909 1834 Praefectum
940 1808 1034 1834 non
1064 1791 1274 1834 videatur
1305 1791 1557 1834 scholarum
1591 1790 1791 1832 omnium
1823 1790 2076 1833 rationibus

335 1862 444 1904 satis
477 1878 570 1904 esse
601 1864 871 1917 consultum,
906 1864 1097 1905 alterum
1130 1863 1391 1915 constituat,
1426 1862 1503 1918 qui
1528 1878 1583 1904 ex
1606 1862 1830 1917 generalis
1852 1861 2076 1904 Praefecti

334 1934 609 1991 praescripto
640 1934 928 1976 inferioribus
967 1934 1130 1977 studiis
1167 1934 1443 1987 moderetur,
1493 1933 1604 1989 quin
1636 1933 1793 1987 etiam,
1842 1932 1879 1974 si
1910 1933 1977 1975 ita
2007 1948 2075 1975 res

335 2005 505 2060 exigat,
539 2005 783 2061 adjiciatur
813 2006 988 2060 tertiUS,
1022 2007 1100 2062 qui
1132 2006 1384 2048 scholarum
1417 2005 1532 2047 atrio
1562 2004 1743 2061 praesit.

478 2077 524 2123 4.
547 2078 694 2119 Multo
718 2082 821 2120 ante
840 2077 1095 2134 provideat,
1119 2092 1338 2132 quosnam
1360 2091 1440 2132 pro
1458 2090 1727 2132 unaquaque
1741 2076 2074 2118 facultatePro-

335 2149 521 2190 sessores
551 2149 716 2191 habere
747 2149 902 2207 possit,
933 2148 1184 2191 observatis
1202 2148 1271 2201 iis,
1305 2148 1382 2204 qui
1403 2147 1461 2189 ad
1493 2162 1591 2189 eam
1610 2162 1703 2188 rem
1722 2147 1937 2189 videntur
1957 2146 2073 2203 apti-

332 2234 442 2273 ores,
477 2221 555 2276 qui
578 2220 713 2274 docti,
748 2220 995 2276 diligentes
1025 2223 1069 2261 et
1100 2219 1282 2272 assidui,
1318 2234 1369 2260 ac
1396 2218 1624 2275 profectus
1645 2217 1940 2272 studentium,
1974 2222 2074 2260 tum

335 2291 382 2333 in
404 2291 677 2334 lectionibus
699 2296 797 2333 tum
824 2291 873 2333 in
905 2291 1006 2333 aliis
1037 2285 1270 2332 litterariis
1303 2289 1713 2344 exercitationibus,
1747 2289 1937 2331 studiosi
1969 2290 2072 2331 sint.

483 2388 527 2434 5.
562 2389 778 2443 Magnam
816 2386 1105 2440 diligentiam
1146 2384 1359 2427 adhibeat
1405 2384 1453 2426 in
1495 2383 1800 2440 promovendo
1848 2399 2073 2426 sacrarum

340 2459 596 2500 litterarum
628 2459 797 2513 studi03
833 2458 953 2514 quod
985 2457 1198 2514 perficiet,
1233 2455 1270 2497 si
1300 2456 1423 2498 viros
1454 2454 1511 2496 ad
1531 2455 1579 2496 id
1600 2455 1798 2496 muneris
1818 2455 1959 2510 eligat
1981 2470 2073 2496 non

335 2530 479 2571 solum
518 2531 778 2585 linguarum
818 2530 986 2587 peritos
1025 2528 1087 2585 (id
1129 2528 1250 2570 enim
1290 2526 1486 2569 maxime
1517 2526 1818 2568 necessarium
1850 2528 1953 2580 est),
1995 2525 2072 2567 sed

335 2601 469 2641 etiam
504 2601 551 2641 in
584 2602 815 2657 theologia
848 2600 1122 2655 caeterisque
1154 2597 1377 2651 scientiis,
1418 2597 1466 2638 in
1503 2596 1692 2639 historia
1723 2597 1939 2652 variaque
1975 2612 2072 2639 eru-

334 2671 505 2713 ditione
537 2677 595 2725 et,
628 2673 778 2727 quoad
811 2672 905 2728 ejus
938 2672 1036 2713 fieri
1066 2669 1223 2727 possit,
1256 2668 1304 2710 in
1336 2668 1595 2723 eloquentia
1624 2668 1737 2710 bene
1768 2672 1980 2710 versatos.

480 2756 525 2799 (3.
559 2756 692 2797 Hanc
724 2760 873 2797 autem
907 2769 1055 2797 sacrae
1090 2752 1349 2808 Scripturae
1380 2750 1617 2792 lectionem
1647 2766 1727 2808 per
1757 2750 1992 2792 biennium

340 2828 494 2881 15991,
542 2825 626 2867 hoc
665 2831 731 2867 est
771 2826 967 2868 secundo
1007 2825 1098 2865 fere
1139 2827 1184 2864 et
1226 2823 1354 2876 1832]
1403 2821 1602 2876 theologi
1643 2821 1832 2863 audiant
1871 2821 2072 2877 quotidie

335 2898 469 2939 tertio
500 2896 773 2951 Theologiae
815 2911 932 2938 anno
964 2894 1184 2948 Theologi
1222 2907 1300 2949 per
1331 2892 1501 2934 horam.

336 2969 526 3011 audiant
558 2967 760 3024 quotidie
791 2983 868 3024 per
900 2973 988 3008 tres
1009 2965 1184 3007 circiter

334 3040 469 3082 horae
501 3039 792 3096 quadrantes,
833 3038 911 3079 ubi
950 3037 1038 3078 (luo
1078 3039 1184 3077 sunt

336 3111 609 3168 Theologiae
639 3109 933 3165 Professores,
966 3107 1046 3151 ubi
1077 3121 1182 3150 vero
