2148 3402
578 184 622 220 R.
649 188 695 219 st.
723 185 825 219 1586.
862 183 914 218 De
941 182 1148 226 opinionum
1175 183 1330 217 delectu.
1721 173 1803 215 107

109 314 381 356 curriculum
413 315 721 357 confecerunt:
755 313 903 369 siquid
937 313 1128 369 denique
1161 312 1287 355 aliud
1318 313 1494 369 vspiam
1527 318 1594 355 est
1626 314 1673 354 in
1704 328 1803 367 vsu,

108 399 197 441 quo
229 385 562 443 disputationes
592 385 720 428 reddi
751 384 898 427 solent
931 385 1214 440 celebrioreS,
1254 384 1301 426 id
1342 383 1498 425 sedulo
1542 384 1803 426 retineatur.

553 706 630 769 De
676 705 1042 784 Opinionum
1089 703 1360 782 Delectu‚

642 818 864 860 censura,
904 804 1266 852 retractatione.

813 921 969 986 Caput
1005 921 1104 971 VII.

252 1016 307 1058 In
328 1015 616 1072 opinionibus
639 1031 664 1058 a
687 1015 910 1058 Societate
933 1015 1193 1058 constitutis
1224 1029 1317 1058 non
1339 1021 1406 1058 est
1435 1016 1544 1058 satis
1565 1016 1808 1059 Doctorem

111 1086 277 1129 referre
308 1087 556 1128 sententias
586 1087 766 1141 multas,
800 1091 844 1128 et
875 1086 929 1128 de
961 1101 1040 1129 suo
1072 1086 1190 1128 nihil
1222 1101 1456 1143 apponere,
1491 1086 1567 1128 sed
1596 1086 1809 1128 defendat

113 1157 372 1216 opinionem
403 1157 748 1215 praescriptam,
781 1158 854 1200 vel
885 1157 1115 1213 relinquat
1147 1158 1475 1213 quaestionem,
1508 1156 1581 1199 vel
1614 1156 1807 1211 differat,

114 1229 256 1272 donec
301 1229 461 1271 melius
509 1228 694 1284 cogitet3
743 1228 860 1271 sicut
905 1243 1011 1271 vero
1058 1228 1167 1271 boni
1211 1228 1421 1271 Doctoris
1469 1232 1535 1270 est
1573 1228 1808 1285 opiniones

115 1300 305 1356 seligere
341 1300 530 1343 tutiores
569 1315 621 1342 ac
652 1301 797 1356 magis
829 1304 1052 1357 receptas:
1093 1300 1159 1342 ita
1200 1300 1257 1342 ad
1288 1300 1581 1357 Superiorum
1613 1300 1809 1356 pertinet

114 1371 404 1427 Vigilantiam
446 1386 612 1426 curare,
657 1386 713 1413 ne
753 1371 862 1427 quid
903 1371 952 1413 in
991 1386 1042 1414 eo
1074 1386 1235 1427 genere
1267 1375 1490 1428 peccetur,
1538 1375 1582 1412 et
1622 1370 1660 1412 si
1699 1370 1809 1426 quid

117 1446 353 1500 peccatum
383 1442 535 1497 fuerit,
569 1442 817 1484 emendare.

261 1517 299 1558 2.
333 1513 407 1556 Ad
454 1513 785 1556 obseruandum
828 1528 956 1568 vero,
1003 1529 1115 1570 quae
1162 1513 1439 1556 Professores
1486 1513 1636 1555 minus
1682 1518 1809 1555 caute

117 1585 310 1628 doceant
341 1589 419 1627 aut
449 1586 697 1641 loquantur
729 1585 777 1626 in
810 1584 999 1640 ScholiS,
1038 1585 1149 1627 haec
1180 1584 1270 1626 fere
1302 1584 1548 1627 conducere
1579 1584 1808 1626 videntur.

117 1655 298 1698 Primo
319 1654 578 1698 Praefectus
604 1655 707 1697 illos
736 1655 892 1697 audiat
915 1656 1180 1712 aliquando:
1214 1670 1296 1697 nec
1326 1655 1483 1710 rarius,
1517 1669 1653 1710 quam
1675 1655 1808 1696 semel

119 1726 453 1782 decimoquinto
486 1741 661 1783 quoque
700 1726 771 1768 die
804 1727 1053 1783 quamlibet
1085 1727 1271 1769 classem
1303 1727 1576 1783 superiorem
1609 1726 1811 1783 superior

117 1797 397 1852 Praefectus,
430 1797 688 1839 inferiorem
718 1797 889 1840 inuisat
919 1797 1125 1841 inferior:
1168 1798 1291 1853 legat
1328 1797 1554 1839 interdum
1587 1812 1810 1839 commen-

118 1868 259 1911 tarios
303 1884 329 1911 a
369 1868 601 1926 discipulis
648 1874 869 1926 exceptos.
932 1869 1057 1912 Duos
1104 1869 1239 1912 etiam
1287 1874 1434 1912 tresve
1482 1868 1709 1911 auditores
1756 1883 1811 1909 ex

118 1940 295 1983 Nostris
325 1955 415 1982 non
449 1940 598 1982 minus
629 1940 754 1995 fidos,
789 1955 924 1996 quam
954 1941 1211 1996 ingeniosos
1241 1940 1498 1996 frequenter
1525 1944 1667 1996 roget,
1702 1939 1811 1995 quid

118 2012 168 2053 in
197 2011 296 2067 ista,
331 2012 439 2067 quid
471 2011 521 2053 in
548 2012 629 2053 illa
649 2011 910 2067 quaestione
931 2012 1097 2054 sentiat
1116 2017 1391 2069 praeceptor,
1424 2016 1658 2067 tamquam
1686 2010 1810 2053 aliud

121 2097 271 2138 agens,
303 2083 419 2124 nihil
449 2083 588 2137 laesa,
622 2087 844 2138 quantum
874 2083 972 2124 fieri
1003 2083 1187 2140 poterit,
1220 2082 1430 2125 Doctoris
1459 2082 1809 2124 existimatione.

120 2153 174 2196 Id
220 2153 340 2210 quod
387 2154 620 2210 aliquanto
666 2153 931 2210 diligentius
982 2154 1303 2211 praestandum
1351 2159 1439 2207 est,
1493 2168 1595 2195 cum
1639 2153 1813 2194 Doctor

122 2224 284 2280 aliquis
321 2224 369 2266 in
410 2224 609 2280 materijs
646 2224 832 2267 lubricis
870 2230 1086 2280 versatur,
1125 2225 1198 2267 vel
1234 2225 1282 2267 in
1315 2225 1477 2281 quibus
1508 2224 1810 2281 praescriptae

117 2294 213 2351 jam
246 2299 351 2338 sunt
370 2295 373 2354 Ι
394 2296 639 2353 opiniones.
703 2297 957 2339 Secundo
991 2297 1029 2338 si
1060 2296 1170 2352 quid
1203 2296 1590 2339 animaduersione
1621 2295 1811 2350 dignum

123 2366 409 2409 obseruatum
438 2367 696 2410 delatumve
718 2367 798 2422 sit,i
820 2368 1079 2409 examinent
1100 2368 1267 2409 Rector
1289 2371 1333 2408 et
1354 2365 1618 2408 Praefectus
1645 2365 1812 2422 scripta

124 2437 317 2480 duorum
354 2439 425 2480 vel
466 2438 618 2480 trium.
681 2439 1025 2495 Interrogentur
1062 2439 1199 2480 etiam
1238 2438 1327 2480 duo
1367 2442 1512 2479 tresve
1545 2442 1727 2491 secreto,
1768 2440 1810 2477 et

124 2509 396 2563 cauendum,
435 2524 492 2551 ne
532 2509 641 2565 quid
681 2510 933 2552 calumniae
975 2509 1138 2563 subsit,
1178 2509 1227 2550 id
1259 2510 1379 2550 enim
1410 2508 1688 2564 impunitum
1721 2521 1812 2548 esse

125 2593 216 2621 non
247 2578 392 2635 debet,
425 2581 481 2622 ad
512 2585 729 2623 terrorem
762 2581 966 2623 aliorum.
1042 2580 1233 2622 Tertio
1267 2579 1346 2621 ubi
1379 2579 1432 2620 de
1463 2594 1509 2620 re
1543 2578 1811 2631 constiterit,

126 2651 293 2694 Rector
324 2652 662 2709 Praeceptorem
693 2652 932 2695 admoneat
963 2651 1175 2705 suauiter,
1217 2655 1274 2705 et,
1307 2651 1345 2692 si
1376 2650 1484 2706 quid
1515 2650 1813 2706 periculosum

126 2722 284 2778 fuerit,
323 2727 537 2765 retractet
576 2724 812 2766 continuo:
853 2738 977 2765 secus
1022 2725 1301 2764 amoueatur:
1349 2721 1419 2763 sin
1465 2736 1532 2762 res
1572 2735 1663 2762 non
1702 2720 1811 2761 adeo

128 2794 248 2836 clara
286 2795 361 2848 sit,
402 2799 605 2851 expectet
643 2795 919 2837 occasionem
952 2794 1173 2849 aliquam,
1206 2808 1294 2848 qua
1328 2792 1449 2834 dicat
1478 2792 1592 2833 illud
1624 2791 1711 2832 sibi
1734 2791 1813 2832 ali-

131 2865 309 2920 quando
356 2865 590 2921 placuisse,
637 2881 758 2908 nunc
796 2869 946 2907 autem
990 2864 1190 2906 minime.
1254 2862 1454 2912 Quarto
1493 2863 1541 2904 in
1578 2862 1652 2917 ijs,
1701 2876 1811 2916 quae

129 2935 325 2978 tenenda
363 2951 457 2978 non
494 2941 618 2991 sunt,
665 2938 770 2992 quia
807 2935 1037 2993 prohibita
1069 2950 1095 2976 a
1126 2936 1262 2977 Patre
1297 2933 1530 2987 Generali,
1579 2936 1814 2974 moneatur

131 3006 287 3061 etiam,
335 3011 386 3048 vt
424 3011 637 3049 retractet
675 3023 754 3064 per
793 3007 1097 3050 occasionem:
1145 3007 1193 3047 in
1233 3005 1451 3061 grauibus
1489 3007 1638 3046 autem
1678 3002 1813 3043 etiam

132 3077 443 3134 compellatur3
491 3092 617 3120 secus
656 3083 820 3135 agatur
862 3082 914 3121 vt
959 3092 1061 3120 cum
1100 3076 1401 3119 inobediente.
1463 3075 1551 3116 Pro
1598 3072 1812 3129 grauibus

1825 747 1852 770 p.
1869 739 1927 763 137.

1834 2320 1860 2343 p.
1875 2311 1934 2336 138.
