2143 3462
246 1827 260 1849 11
287 1818 346 1844 129.

359 186 442 227 102
538 194 647 229 Ratio
673 195 875 230 studiorum
902 199 939 230 et
963 195 1214 230 institutiones
1240 194 1480 230 scholasticae
1506 194 1704 230 Societatis
1729 196 1819 231 Jesu
1843 196 1881 231 II

353 327 485 354 mane
526 317 570 353 et
599 327 781 369 vespere
816 313 1047 355 commode
1078 313 1212 366 fiant,
1252 316 1296 353 et
1325 326 1444 354 Vnus
1475 317 1727 355 reservetur
1757 313 1806 355 in
1837 313 2046 356 ultimam

354 382 696 438 hebdomadam,
730 398 818 439 qua
847 384 998 425 studia
1027 383 1260 437 finiuntur,
1296 382 1408 424 alter
1435 382 1572 425 etiam
1601 383 1650 425 in
1670 383 1862 440 primam
1881 383 2049 426 hebdo-

354 453 557 508 madam,
601 469 690 510 qua
728 454 879 496 studia
919 457 1210 496 renovantur.
1272 454 1412 495 Porro
1459 454 1754 510 particulares
1802 459 1930 498 actus
1970 469 2050 512 per

354 523 465 566 duas
504 524 639 567 horas
677 530 721 566 et
761 524 995 567 dimidiam
1027 525 1281 566 habeantur
1312 539 1443 566 mane
1475 529 1679 580 tantum,
1721 530 1801 568 aut
1841 526 1986 568 solum
2024 540 2051 568 a

355 595 575 637 Prandio:
609 596 840 651 generales
871 610 976 637 vero
1008 600 1201 651 vtroque
1232 599 1447 652 tempore,
1480 595 1571 650 vel,
1604 595 1750 638 sicubi
1779 611 1873 638 non
1904 596 2051 638 solent

355 666 403 708 in
436 666 637 708 sabbatis
671 681 697 707 a
728 666 916 723 prandio
950 666 1127 708 scholae
1159 665 1460 721 frequentari,
1500 681 1632 708 mane
1664 665 1962 709 extrahantur
1993 665 2051 708 ad

358 741 574 792 quattuor
604 737 676 779 vel
706 736 905 792 quinque
936 736 1091 791 horas,
1123 740 1174 779 vt
1206 737 1343 778 moris
1377 740 1444 777 est
1474 736 1523 778 in
1556 736 1726 779 Gallia:
1768 736 1914 779 sicubi
1945 750 2052 780 vero

354 807 511 849 Nostri
543 807 762 864 priuatim
794 807 1089 862 Theologiam
1122 807 1334 861 audiunt,
1368 811 1589 850 conentur
1619 811 1663 849 et
1695 807 1783 864 ipsi
1813 807 1894 850 hos
1926 811 2053 850 actus

357 878 579 920 celebrare
612 878 804 933 publice,
837 878 1047 920 invitatis
1080 879 1281 920 externis
1312 878 1463 934 aliquo
1496 892 1599 920 cum
1630 882 1864 935 apparatu.

498 951 537 993 5.
571 948 645 990 Ad
678 948 757 989 hos
787 952 1000 1004 utrosque
1038 953 1164 991 actus
1197 949 1451 1004 seligantur
1490 948 1717 991 auditores
1749 949 1895 1005 magis
1925 949 2052 1007 inge-

357 1020 477 1062 niosi
507 1019 676 1061 iudicio
699 1020 926 1062 Praefecti
947 1024 991 1062 et
1013 1019 1202 1062 consilio
1222 1019 1550 1062 Professorum:
1585 1034 1775 1075 quorum
1795 1019 2055 1063 auditorum

359 1091 552 1147 quilibet
581 1105 711 1132 suum
743 1091 1065 1148 particularem
1096 1090 1301 1133 habebit:
1336 1105 1467 1132 suum
1500 1091 1637 1133 etiam
1668 1091 1936 1147 generalem,
1967 1092 2056 1133 nisi

359 1161 483 1203 aliud
524 1161 697 1215 obstet,
738 1162 890 1218 plures
931 1162 1051 1203 enim
1090 1162 1241 1216 illum,
1282 1176 1417 1217 quam
1448 1161 1570 1204 hunc
1602 1161 1822 1204 sustinere
1853 1165 2054 1219 possunt,

359 1236 403 1273 et
424 1232 751 1274 admoneantur
774 1234 822 1274 in
844 1234 1140 1275 renouatione
1161 1232 1428 1287 studiorum,
1462 1237 1571 1275 tunc
1593 1232 1851 1275 distributis
1872 1232 2058 1275 cuilibet

358 1303 564 1360 partibus
597 1303 873 1360 Theologiae
911 1304 959 1346 in
993 1307 1120 1346 actus
1152 1304 1460 1361 particulares.
1523 1303 1818 1346 Praesideant
1856 1303 2057 1347 vicissim

360 1373 636 1415 Professores
668 1375 741 1417 vel
770 1375 845 1431 alij
868 1375 1088 1417 Doctores
1120 1375 1263 1417 nostri
1285 1375 1323 1417 si
1344 1374 1535 1417 fuerint:
1569 1378 1945 1431 argumententur
1965 1389 2058 1418 non

361 1445 523 1500 minus,
558 1461 692 1501 quam
725 1450 827 1500 tres,
868 1461 1058 1502 quorum
1079 1447 1252 1504 primus
1274 1446 1334 1488 sit
1353 1446 1534 1487 Doctor.
1596 1445 1772 1487 Eborae
1805 1445 1914 1488 satis
1947 1449 2060 1488 esset

360 1516 589 1559 introduci
621 1522 747 1560 actus
778 1518 1074 1574 particulares
1105 1521 1290 1575 propter
1323 1516 1580 1572 frequentes
1614 1521 1902 1559 externorum
1932 1521 2058 1560 actus

365 1587 422 1630 ad
454 1588 620 1644 gradus
652 1589 974 1646 suscipiendos.

508 1662 548 1703 6.
581 1660 933 1702 Conclusionum
961 1661 1044 1702 iste
1072 1661 1131 1702 sit
1153 1660 1324 1702 modus.
1386 1660 1488 1702 Vna
1510 1658 1737 1701 conclusio
1759 1672 1851 1701 non
1872 1658 2060 1701 excedat

366 1729 455 1771 tria
486 1730 560 1772 vel
593 1735 788 1786 quatuor
819 1732 1033 1787 membra,
1066 1747 1149 1774 nec
1174 1731 1366 1773 nimium
1394 1730 1585 1773 sterilia:
1618 1730 1673 1772 In
1694 1729 2059 1786 hebdomadarijs

367 1800 752 1857 disputationibus
784 1817 876 1844 non
907 1803 998 1845 sint
1026 1806 1030 1858 1
1059 1803 1180 1846 vltra
1211 1806 1314 1845 octo
1345 1803 1416 1846 vel
1452 1816 1617 1844 novem
1652 1801 1977 1845 conclusiones:
2009 1800 2059 1843 in

368 1872 611 1914 menstruis
642 1887 733 1915 non
766 1874 889 1916 vltra
924 1877 976 1918 12
1009 1875 1084 1918 vel
1109 1877 1176 1920 15.
1238 1875 1293 1916 In
1326 1873 1514 1928 actibus,
1547 1873 1585 1914 si
1614 1872 1749 1915 Vnius
1779 1872 1935 1930 partis,
1966 1886 2059 1915 non

367 1943 487 1985 vltra
519 1946 593 1994 203
628 1944 666 1985 si
697 1944 836 1987 totius
870 1945 1156 2002 Theologiae,
1188 1961 1280 1989 non
1312 1946 1431 1989 vltra
1462 1947 1538 1999 50;
1571 1944 1804 2001 pauciores
1837 1943 1988 1999 etiam,
2021 1943 2059 1985 si

368 2014 575 2070 publicus
607 2015 879 2058 Academiae
912 2032 1008 2059 mos
1040 2017 1170 2059 aliter
1199 2017 1376 2059 habeat.

513 2089 550 2128 7.
585 2086 859 2141 Praefectus,
891 2087 998 2129 dum
1017 2088 1206 2130 interest
1225 2085 1625 2143 disputationibus,
1656 2100 1749 2127 non
1764 2085 1913 2127 soluat
1931 2099 2062 2139 argu-

370 2160 536 2211 menta,
569 2157 644 2198 sed
677 2157 849 2213 dirigat
881 2158 1183 2215 disputantes:
1225 2162 1375 2216 posset
1411 2163 1564 2200 tamen
1603 2156 1756 2198 datam
1787 2155 2060 2198 solutionem

372 2227 607 2282 explicare,
642 2233 686 2270 et
717 2229 963 2284 ostendere,
997 2245 1132 2286 quam
1165 2230 1278 2272 bene
1300 2228 1551 2271 satisfaciat
1571 2232 1851 2284 argumento,
1885 2243 1987 2270 cum
2008 2227 2061 2282 is,

372 2298 449 2352 (1111
473 2304 828 2354 argumentatur,
861 2301 1062 2343 nondum
1085 2301 1265 2343 videtur
1286 2316 1377 2343 esse
1397 2304 1650 2343 contentus.
1712 2299 1817 2342 Non
1842 2298 2060 2356 impediat

375 2369 702 2425 Praeceptores,
743 2386 844 2413 cum
886 2371 1012 2427 loqui
1052 2371 1294 2413 voluerint.
1346 2371 1400 2413 Id
1438 2371 1558 2427 quod
1597 2370 1634 2412 si
1673 2370 1823 2411 minus
1855 2369 2062 2411 ordinate

374 2438 564 2494 faciant,
603 2441 754 2497 potius
791 2442 994 2497 rogando
1034 2443 1107 2484 vel
1144 2442 1382 2498 monendo,
1424 2457 1557 2498 quam
1589 2440 1866 2497 imperando,
1899 2455 1972 2483 eos
2004 2439 2062 2482 ad

376 2510 587 2565 loquendi
616 2512 736 2554 vices
765 2513 1008 2555 seruandas
1034 2513 1242 2555 adducat.
1305 2512 1630 2570 Argumentari
1658 2511 1838 2569 poterit,
1871 2510 1950 2553 sed
1974 2525 2061 2567 quo

375 2580 530 2634 rarius,
564 2597 613 2623 00
647 2583 872 2638 dirigendi
903 2599 1080 2639 munuS,
1115 2585 1235 2640 quod
1266 2585 1352 2642 ipsi
1383 2585 1616 2641 proprium
1648 2588 1727 2639 est,
1760 2583 1929 2626 maiore
1960 2598 2062 2625 cum

377 2650 599 2706 dignitato
629 2654 889 2709 praestabit.

521 2726 557 2765 S.
592 2725 730 2766 Porro
776 2726 1030 2769 conandum
1072 2731 1158 2781 est,
1206 2732 1258 2770 vt
1299 2727 1629 2784 disputationes
1668 2740 1840 2780 01111105,
1873 2740 2061 2781 quarum

378 2796 526 2835 feruor
567 2810 617 2836 ac
657 2796 857 2850 dignitas
890 2797 978 2838 iam
1011 2798 1255 2840 concidisse
1287 2798 1479 2852 videtur,
1518 2798 1735 2854 pristinae
1766 2796 2063 2838 restituantur

381 2865 636 2920 autoritati,
684 2882 784 2908 cuni
832 2868 915 2909 1100
963 2869 1298 2910 exercitationis
1336 2883 1497 2924 genere
1543 2868 1658 2910 nihil
1703 2869 1761 2910 sit
1800 2867 1959 2910 Vtilius
2005 2866 2061 2909 ad

381 2937 670 2992 capessi‘ndas
703 2938 945 2994 superiores
978 2938 1228 2981 facultates.
1291 2939 1459 2981 Videas
1480 2954 1572 2981 non
1593 2953 1758 2996 paucos
1784 2939 1832 2980 in
1854 2937 2062 2993 legendo,

382 3007 428 3047 in
462 3007 709 3061 scribendo,
742 3008 789 3049 in
823 3009 1194 3065 compaginandis
1226 3025 1338 3065 quae
1370 3011 1655 3066 scripserunt,
1687 3013 1806 3052 totos
1837 3023 1944 3063 esse,
1975 3008 2063 3050 dis-

383 3078 664 3133 putationem
709 3094 813 3121 vero
851 3080 1018 3135 fugere,
1067 3081 1307 3137 negligere,
1354 3081 1544 3124 otiosam
1583 3080 1852 3136 existimare,
1899 3079 2061 3122 habere
