2148 3402
516 198 559 236 R.
588 203 634 234 st.
662 199 764 236 1586.
813 198 988 234 Delectus
1015 197 1223 242 opinionum
1250 197 1360 233 theol.
1701 188 1786 231 207

239 322 306 363 11.
339 319 394 360 In
427 322 627 360 extrema
657 316 921 359 necessitate
953 316 1128 358 absolui
1150 330 1242 357 non
1264 330 1391 372 posse
1411 329 1500 356 non
1526 316 1791 370 confessum,

89 391 165 432 sed
196 389 484 432 exhibentem
517 389 649 443 signa
680 387 1000 445 poenitentiae,
1034 387 1199 442 quibus
1231 386 1384 442 aliquo
1417 386 1549 427 modo
1572 401 1617 427 se
1637 402 1792 443 pecca-

91 465 232 503 torem
265 460 533 502 confiteatur
565 459 849 515 generaliter.
881 459 928 501 in
961 458 1178 515 supplem.

233 535 301 576 12.
332 532 436 573 Non
469 546 561 571 esse
593 530 893 572 necessarium
925 529 1131 571 confiteri
1154 528 1532 581 circumstantias,
1568 529 1788 571 malitiam

89 603 285 645 eiusdem
331 602 494 658 speciei
538 602 603 643 ita
649 601 911 643 notabiliter
955 604 1285 656 aggraiianteS,
1332 603 1384 640 vt
1430 613 1703 655 magnopere
1748 605 1792 640 et

88 674 322 717 euidenter
353 672 536 716 varient
577 677 622 713 et
662 676 831 714 statum
873 672 1148 728 poenitentis
1188 675 1233 711 et
1267 669 1537 711 confessarii
1573 670 1790 712 iudicium

87 746 141 788 de
172 745 265 787 illo.
301 744 349 785 in
383 744 603 801 supplem.

233 819 299 860 13.
334 815 526 857 Ordines
558 814 752 855 minores
785 827 877 854 esse
916 813 1210 855 Sacramenta
1258 816 1304 854 et
1342 812 1597 869 imprimere
1638 813 1793 855 chara-

86 891 263 930 cterem.
297 887 346 929 in
379 886 602 943 supplem.

228 1028 403 1071 Deinde
435 1029 646 1072 veniatur
678 1027 735 1068 ad
766 1025 994 1082 Regulam
1027 1031 1220 1081 sextam,
1262 1043 1372 1084 qua,
1415 1033 1459 1069 et
1499 1027 1790 1084 opinionibus

86 1115 139 1142 ex
171 1101 328 1143 Prima
362 1101 406 1142 S.
441 1100 641 1142 Thomae
673 1100 807 1141 Parte
840 1098 1050 1153 decursis,
1090 1099 1174 1141 hae
1206 1099 1364 1141 statim
1397 1099 1709 1151 adiungantur
1740 1104 1791 1141 vt

85 1171 240 1213 eadem
271 1170 429 1225 regula
461 1169 713 1213 definitae.¹

642 1303 715 1352 Ex
752 1302 916 1352 Prima
954 1302 1223 1353 Secundae.

228 1400 266 1442 1.
299 1397 666 1454 Supernaturalis
697 1396 934 1439 beatitudo
967 1396 1069 1439 viae
1101 1396 1308 1439 consistit
1344 1398 1391 1439 in
1423 1401 1526 1439 actu
1561 1397 1788 1440 Caritatis

84 1484 126 1525 q.
160 1471 200 1514 3.
233 1483 272 1511 a.
304 1471 345 1512 4.

227 1542 267 1584 2.
298 1539 463 1582 Nullus
494 1542 647 1596 potest
678 1553 772 1581 esse
804 1539 963 1581 beatus
984 1538 1236 1581 formaliter
1257 1554 1308 1581 ea
1330 1539 1519 1594 visione,
1553 1554 1642 1596 qua
1664 1540 1787 1582 Deus

85 1625 129 1652 se
148 1610 297 1668 ipsum
318 1610 461 1666 videt,
494 1625 575 1652 nec
606 1625 685 1667 per
717 1610 863 1653 solum
883 1610 1066 1653 diuinae
1090 1610 1305 1652 essentiae
1328 1610 1540 1667 illapsum
1562 1611 1790 1653 mentibus

83 1680 305 1724 humanis.
369 1697 411 1738 q.
446 1684 485 1726 3.
519 1696 558 1724 a.
592 1685 631 1726 2.
665 1684 706 1726 3.
739 1685 780 1726 4.

229 1756 268 1798 3.
304 1752 623 1796 Sensualitatis
653 1752 781 1795 nulla
812 1759 879 1794 est
910 1751 1162 1795 formaliter
1192 1751 1395 1807 libertas,
1442 1768 1526 1795 nec
1569 1754 1663 1796 eius
1694 1768 1788 1796 mo-

87 1827 160 1865 tus
203 1838 380 1866 omnem
420 1823 610 1866 rationis
649 1823 1018 1866 deliberationem
1057 1824 1400 1881 praeuenientes
1443 1829 1629 1882 peccata
1666 1829 1784 1867 sunt.

87 1909 128 1951 q.
163 1898 231 1939 74.
266 1909 305 1937 a.
338 1897 377 1938 3.

226 1969 268 2010 4.
301 1966 365 2010 Vt
386 1966 625 2009 delectatio
648 1981 825 2009 morosa
858 1982 935 2009 seu
961 1981 1202 2009 consensus
1223 1967 1595 2024 interpretatiuus
1617 1967 1665 2010 in
1687 1982 1786 2009 eam

85 2038 145 2079 sit
174 2042 408 2094 peccatum
441 2038 650 2093 mortale,
689 2053 781 2080 non
812 2038 1059 2094 requiritur
1090 2053 1265 2095 semper
1296 2039 1547 2096 periculum
1580 2054 1657 2081 seu
1689 2039 1786 2080 ani—

85 2108 335 2151 maduersio
353 2108 542 2166 periculi
559 2109 613 2151 de
630 2109 881 2166 pollutione
899 2124 977 2151 seu
997 2109 1050 2152 de
1063 2124 1269 2166 expresso
1284 2125 1518 2152 consensu.
1551 2125 1592 2166 q.
1605 2114 1674 2154 74.
1694 2125 1732 2152 a.
1745 2113 1785 2154 8.

227 2182 267 2223 5.
301 2179 426 2221 Inter
468 2180 703 2222 entitatem
742 2185 871 2223 actus
911 2180 1020 2223 mali
1059 2195 1137 2223 seu
1177 2181 1353 2238 peccati
1398 2186 1442 2223 et
1479 2181 1787 2238 priuationem

84 2249 369 2293 rectitudinis
406 2251 586 2293 debitae
624 2251 670 2293 in
712 2267 803 2293 esse
845 2252 1093 2294 secundum
1135 2251 1358 2294 rationem
1402 2267 1494 2294 non
1533 2257 1600 2294 est
1638 2251 1787 2294 media

85 2321 237 2378 aliqua
269 2321 434 2364 entitas
466 2322 663 2379 positiua
702 2324 905 2377 moralis,
945 2338 1058 2379 quae
1100 2322 1159 2365 sit
1198 2322 1401 2365 formalis
1440 2323 1555 2365 ratio
1595 2322 1784 2380 peccati.

85 2408 125 2449 q.
160 2396 229 2437 72.
263 2409 301 2438 a.
339 2397 376 2437 1.

226 2467 266 2509 6.
299 2464 438 2506 Nulla
465 2470 671 2507 creatura
702 2466 1023 2508 intellectualis
1052 2470 1096 2507 et
1115 2480 1194 2522 per
1215 2465 1501 2508 voluntatem
1523 2465 1665 2508 libera
1688 2465 1786 2507 dari

84 2539 256 2592 potest,
297 2550 411 2591 quae
451 2536 511 2577 sit
548 2551 627 2593 per
665 2536 806 2579 solam
846 2551 973 2579 suam
1011 2540 1224 2578 naturam
1255 2535 1576 2593 impeccabilis,
1639 2551 1680 2593 q.
1714 2539 1783 2581 63.

88 2609 125 2650 1.
158 2621 200 2663 p.
235 2622 273 2648 a.
309 2609 346 2650 1.

227 2681 266 2720 7.
298 2676 561 2719 Pontificiae
594 2679 714 2734 leges
745 2694 820 2720 seu
855 2678 1235 2732 Constitutiones,
1275 2683 1327 2720 vt
1364 2678 1570 2733 obligent
1601 2679 1783 2735 vbique,

85 2763 176 2791 non
209 2748 448 2804 requirunt
480 2749 889 2805 promulgationem
922 2749 970 2792 in
993 2748 1262 2805 Prouincijs,
1294 2748 1369 2791 sed
1393 2750 1564 2791 Romae
1588 2754 1781 2791 tantum.

84 2835 125 2875 q.
159 2822 230 2864 90.
262 2834 300 2862 a.
334 2823 374 2863 4.

226 2892 264 2934 8.
299 2890 443 2945 Leges
474 2889 695 2932 humanae
728 2890 883 2946 iustae,
918 2891 1056 2934 etiam
1088 2892 1312 2949 poenales,
1346 2893 1440 2934 siue
1472 2892 1653 2946 mixtae,
1686 2891 1780 2933 siue

84 2975 234 3017 purae,
267 2961 475 3016 obligant
506 2960 564 3002 ad
596 2962 787 3018 culpam.
851 2977 891 3018 q.
926 2964 996 3007 96.
1030 2977 1070 3004 a.
1103 2965 1142 3006 4.

232 3093 242 3111 ¹
274 3091 342 3126 Die
367 3100 442 3127 nun
467 3090 663 3135 folgenden
690 3091 798 3126 Satze
824 3091 956 3127 diirfen
982 3092 1132 3136 gelehrt
1157 3092 1313 3128 werden.

1831 1577 1836 1582 .
1852 1560 1911 1585 315.
