2143 3462
380 192 466 235 314
557 204 667 238 Ratio
695 204 898 239 studiorum
927 209 966 240 et
991 205 1243 241 institutiones
1270 206 1511 241 scholasticae
1538 206 1733 242 Societatis
1758 206 1845 243 Jesu
1872 207 1910 242 ΙΙ

376 322 551 365 visione
583 323 669 365 Dei
700 324 843 380 possit
875 325 1028 381 aliquo
1067 325 1201 367 modo
1233 329 1351 366 stare
1394 324 1604 379 tristitia,
1644 324 1875 381 rejiciatur
1912 326 1960 368 111
1991 327 2076 384 ΙΙΙ0

375 399 564 449 partem,
597 394 676 437 ubi
709 396 953 451 quaeritur,
987 411 1045 438 an
1066 396 1270 438 Christus
1293 395 1540 438 secundum
1562 395 1782 438 rationem
1805 397 2078 454 superiorem

377 480 535 520 passus
567 465 639 507 sit.

521 536 596 579 An
636 537 874 581 delectatio
916 544 1158 594 quaeratur
1202 543 1383 596 propter
1430 539 1759 596 operationem,
1801 555 1859 581 an
1906 545 2077 596 contra,

377 611 597 650 tractetur
628 609 676 651 in
709 609 907 663 Ethicis3
940 609 1014 651 1110
1046 625 1151 652 vero
1184 610 1300 652 nihil
1332 611 1406 652 vel
1438 609 1715 652 brevissime.

522 680 599 722 An
631 681 807 723 animae
831 683 1101 724 Sanctorum
1134 697 1160 723 a
1192 681 1452 737 corporibus
1484 686 1714 738 separatae
1746 682 1901 724 statim
1934 683 2080 724 Deum

377 751 579 805 videant,
612 753 687 794 hic
718 757 953 807 tractetur,
987 769 1079 795 non
1111 753 1159 794 in
1190 753 1226 795 I.
1258 756 1398 809 parte.

521 824 827 879 Relinquatur
859 823 951 866 fere
982 825 1016 866 I.
1050 824 1172 880 parti
1204 828 1339 866 totus.

521 894 648 935 Nihil
681 895 858 937 dicatur
890 895 944 937 de
975 896 1135 938 merito
1169 900 1248 938 aut
1287 895 1340 937 de
1379 895 1642 936 necessitate
1675 894 1859 937 luminis
1892 895 2079 950 gloriae.

521 965 595 1007 An
628 981 733 1008 vero
768 967 973 1023 appetitu
996 967 1205 1009 ordinato
1229 966 1374 1021 magis
1396 971 1581 1023 appetat
1602 966 1843 1008 damnatus
1865 982 1958 1009 11011
1976 981 2081 1012 esse,

377 1053 513 1093 quam
546 1038 609 1079 sic
640 1054 747 1092 esse,
780 1039 979 1095 pertinet
1012 1039 1069 1080 ad
1102 1039 1411 1095 quaestionem
1443 1038 1498 1080 de
1530 1053 1674 1094 poena
1705 1038 1894 1094 peccati.

520 1110 622 1151 Non
656 1110 902 1153 disseratur
933 1110 1019 1152 hoc
1049 1110 1147 1152 loco
1181 1110 1235 1152 de
1266 1109 1408 1152 libero
1431 1109 1619 1152 arbitrio
1641 1113 1798 1151 contra
1818 1109 2082 1164 haereticos,

380 1180 456 1222 sed
489 1181 537 1221 in
570 1181 761 1222 materia
793 1181 847 1223 de
879 1183 1043 1233 gratia.

521 1251 653 1293 Unde
685 1253 937 1308 proveniat,
972 1254 1093 1309 quod
1124 1255 1258 1296 homo
1291 1254 1359 1296 sui
1393 1268 1573 1310 compos
1606 1252 1665 1293 sit
1695 1252 1874 1309 proprie
1905 1253 2019 1294 liber
2041 1257 2085 1294 et

381 1322 589 1364 dominus
611 1338 794 1365 suorum
814 1330 1012 1379 actuum,
1046 1330 1268 1367 tractetur
1287 1325 1406 1366 infra
1425 1324 1473 1366 in
1494 1324 1755 1380 quaestione
1779 1324 1831 1366 de
1854 1324 2083 1367 electione.

522 1394 651 1435 Nihil
683 1394 861 1437 dicatur
893 1396 947 1437 de
979 1412 1092 1453 pura
1122 1397 1376 1441 omissione.

526 1467 798 1523 Disputetur
818 1467 904 1521 hic,
939 1484 997 1510 an
1018 1469 1233 1511 voluntas
1254 1469 1397 1525 possit
1419 1469 1535 1525 cogi,
1568 1484 1660 1510 11011
1692 1472 1843 1510 autem
1866 1483 1923 1510 an
1943 1469 2086 1525 possit

380 1538 654 1592 necessitari,
689 1539 796 1594 quia
827 1540 880 1581 de
912 1540 998 1583 hoc
1028 1540 1215 1583 inferius
1247 1540 1539 1582 tractandum
1570 1543 1650 1581 est.

524 1610 761 1659 Quomodo
784 1616 930 1654 metus
953 1612 1100 1654 irritet
1124 1612 1479 1667 matrimonium,
1511 1616 1685 1666 votum,
1713 1611 2022 1667 juramentum
2042 1617 2087 1653 et

380 1686 653 1735 contractus,
686 1688 937 1725 reservetur
970 1688 995 1727 2
1028 1684 1075 1725 ΙΙ
1107 1684 1203 1726 vell
1234 1684 1317 1726 III.
1353 1683 1485 1740 parti.

525 1753 829 1796 Difficultates
861 1755 915 1797 de
947 1755 1210 1811 ignorantia
1240 1760 1527 1798 reserventur
1558 1755 1607 1796 in
1639 1770 1679 1810 q.
1715 1758 1783 1799 76.

525 1825 710 1867 Ρ1011101·
750 1826 1049 1868 consideratio
1089 1826 1532 1869 circumstantiarum
1573 1842 1665 1868 non
1703 1831 1771 1868 est
1808 1826 1942 1882 hujus
1985 1825 2087 1880 loci,

382 1912 483 1938 cum
516 1896 570 1938 (10
602 1897 693 1938 illis
725 1913 856 1954 saepe
887 1898 1075 1940 inferius
1106 1898 1417 1941 disserendum
1450 1898 1521 1940 sit.

522 1968 646 2010 Nihil
666 1969 740 2010 hic
760 1970 1004 2012 disseratur
1027 1970 1081 2012 de
1103 1970 1399 2026 praescientia
1421 1985 1497 2011 seu
1514 1969 1885 2026 praedefinitione
1903 1974 2088 2011 actuum

379 2039 636 2091 liberorum,
671 2056 817 2097 neque
838 2042 891 2083 de
913 2042 1116 2096 gratuita
1135 2041 1349 2096 motione,
1373 2057 1464 2097 qua
1484 2041 1605 2082 Deus
1627 2046 1781 2083 movet
1802 2041 2087 2083 voluntatem

384 2110 645 2153 humanam.

530 2184 634 2225 Non
675 2184 857 2226 videtur
902 2185 976 2226 hic
1018 2185 1261 2240 quicquam
1306 2183 1613 2226 disserendum
1660 2183 1714 2224 de
1758 2183 1936 2237 objecto
1982 2183 2087 2239 spei,

381 2269 524 2309 neque
558 2270 615 2296 an
648 2256 788 2311 possit
822 2257 981 2297 beatus
1013 2248 1104 2297 frui
1125 2256 1282 2297 divina
1301 2255 1506 2309 essentia,
1539 2270 1630 2296 non
1653 2254 1844 2296 fruendo
1866 2253 2087 2307 Personis,

383 2325 457 2366 vel
490 2341 581 2367 una
614 2328 811 2368 Persona
843 2332 888 2368 et
919 2343 1010 2369 non
1044 2327 1164 2379 aliis3
1198 2327 1283 2368 hoc
1314 2327 1434 2368 enim
1466 2326 1665 2382 pertinet
1696 2326 1752 2367 ad
1785 2326 1820 2369 Ι.
1853 2329 2039 2381 partem.

528 2399 631 2439 Non
647 2402 879 2453 tractetur,
895 2404 1048 2440 utrum
1069 2398 1325 2439 intellectus
1345 2397 1486 2454 possit
1508 2397 1642 2439 simul
1658 2398 1802 2439 multa
1818 2396 2084 2452 intelligere.

528 2470 596 2511 De
644 2486 863 2511 consensu
912 2470 1093 2511 formali
1140 2470 1212 2511 Vel
1260 2469 1627 2524 interpretativo,
1668 2473 1713 2509 et
1757 2483 1814 2509 an
1862 2467 2087 2524 pertineat

380 2541 435 2581 ad
468 2542 690 2582 rationem
723 2541 1013 2597 superiorem,
1046 2540 1235 2582 inferius
1266 2539 1554 2582 tractandum
1588 2544 1667 2581 est.

524 2612 759 2661 Quomodo
792 2612 906 2653 ratio
940 2613 1129 2667 imperet
1161 2612 1372 2652 membris
1411 2610 1627 2664 externis,
1669 2625 1828 2666 nempe
1860 2609 2083 2665 despotice

383 2699 441 2723 an
473 2684 669 2739 politice,
702 2684 935 2740 disputare
967 2682 1233 2738 Philosophi
1265 2681 1449 2723 moralis
1481 2687 1568 2735 est3
1604 2681 1802 2724 breviter
1833 2680 1979 2736 igitur
2000 2679 2084 2722 hoc

387 2754 482 2795 loco
515 2755 790 2810 expediatur.

528 2826 690 2868 Utrum
724 2827 771 2867 in
804 2826 983 2867 homine
1016 2827 1238 2867 existente
1268 2824 1315 2864 in
1348 2825 1496 2879 gratia
1519 2825 1651 2865 detur
1683 2823 1846 2879 aliquis
1866 2827 1992 2864 actus
2014 2823 2082 2863 in-

383 2896 592 2937 differens
639 2897 695 2939 ad
742 2897 954 2939 meritum
999 2902 1044 2937 et
1084 2896 1372 2949 demeritum,
1416 2895 1674 2952 disputetur
1711 2895 1760 2936 in
1798 2893 1987 2936 materia
2029 2893 2083 2934 de

384 2968 559 3011 merito.

532 3124 542 3143 ¹
573 3133 618 3157 m.
648 3124 740 3163 „et“.
