2153 3467
342 202 430 245 410
538 212 649 248 Ratio
676 212 878 248 studiorum
907 217 945 248 et
969 212 1225 249 institutiones
1254 213 1493 249 scholasticae
1520 214 1724 250 Societatis
1751 218 1842 253 Jesu
1867 218 1904 253 II

342 332 691 389 interpretandis
705 349 713 388 3
730 339 826 377 tum
838 335 885 377 in
898 335 1188 378 declamando

343 407 387 444 et
424 403 647 447 similibus
687 405 744 447 ad
777 407 1084 464 Praeceptoris
1123 422 1189 449 ar-

342 474 541 516 bitrium.

112 546 325 605 “¹¹³ffffmljffle'
489 545 562 591 13.
626 547 799 589 Graeca
829 547 1083 602 praelectiO,
1106 547 1200 589 sive
1231 552 1459 589 oratorum
1490 549 1583 590 sive
1624 549 1936 593 historicorum
1977 552 2069 594 sive

342 621 595 673 poetarum,
636 633 727 660 non
763 619 851 660 nisi
885 618 1174 674 antiquorum
1212 619 1270 660 sit
1314 623 1358 661 et
1391 619 1697 662 classicorum:
1738 621 2068 676 Demosthenis,

342 688 559 743 Platonis,
593 689 887 746 Thucydidis,
920 690 1118 744 Homeri,
1152 689 1363 745 Hesiodi,
1398 690 1586 733 Pindari
1624 696 1668 733 et
1699 691 1889 733 aliorum
1920 691 2071 748 hujus-

341 759 463 801 modi
494 760 642 814 (modo
665 761 756 802 sint
776 760 1046 817 expurgati),
1068 761 1186 802 inter
1207 776 1317 817 quos
1333 761 1432 818 jure
1452 763 1624 820 optimo
1651 763 1729 805 SS.
1748 762 2071 817 Nazianzenus,

342 831 540 873 Basilius
572 836 617 873 et
649 832 999 888 Chrysostomus
1030 832 1287 889 reponendi.

341 901 409 943 Ac
440 902 586 959 priore
627 903 809 959 quidem
849 904 1055 945 semestri
1094 919 1190 946 ora·
1229 911 1297 946 Ac
1329 903 1515 945 alternis
1547 904 1728 960 quidem
1765 904 1942 947 vicibus
1974 919 2072 946 ora-

341 977 460 1014 tores
491 977 570 1015 aut
600 974 805 1016 historici
837 974 1187 1031 interpretandi3
1231 980 1346 1017 tores
1376 975 1580 1017 historici
1600 990 1652 1018 ac
1673 980 1830 1032 poetae
1852 975 2075 1033 explicen-

341 1044 569 1101 interponi
615 1049 765 1087 autem
806 1051 1020 1102 poterunt
1057 1047 1191 1088 semel
1230 1051 1316 1089 tur.

340 1115 389 1156 in
403 1115 685 1158 hebdomada
699 1117 851 1173 aliqua
865 1117 1192 1174 epigrammata

341 1187 413 1228 vel
463 1187 619 1229 brevia
671 1193 900 1245 poemata,
948 1191 1192 1246 posteriore

339 1257 539 1300 vicissim
581 1259 832 1316 explicetur
862 1265 1010 1317 poeta,
1056 1261 1193 1303 inter-

334 1328 456 1383 jecto
490 1330 625 1372 semel
659 1335 835 1373 oratore
856 1336 936 1373 aut
959 1331 1187 1376 historicO.
1209 1377 1211 1399 ,

339 1400 678 1457 Interpretandi
711 1406 890 1457 (autem)
923 1403 1053 1457 ratio,
1085 1419 1383 1460 quamquam,
1426 1420 1539 1460 quae
1579 1404 1845 1447 eruditionis
1877 1404 2108 1467 artisque,

341 1476 459 1525 sunt,
492 1487 701 1529 respuere
723 1474 907 1516 omnino
930 1490 1023 1516 non
1042 1475 1186 1529 debet,
1219 1475 1544 1532 proprietatem
1576 1480 1729 1518 tamen
1756 1475 1908 1532 potius
1927 1490 2077 1518 usum-

339 1557 425 1597 que
448 1543 631 1599 linguae
655 1546 891 1601 spectabit.
944 1546 1247 1596 Quamobrem
1270 1547 1520 1590 locutiones
1542 1547 1718 1603 aliquae
1740 1546 1932 1604 singulis
1953 1561 2077 1603 prae-

336 1613 607 1657 lectionibus
640 1616 892 1659 dictandae.

485 1685 557 1733 14.
622 1688 794 1730 Graeca
817 1690 1023 1745 syntaxis
1046 1693 1090 1730 et
1106 1688 1216 1746 syl-l
1379 1691 1488 1724 1832:
1515 1702 1582 1726 ⁰111-

342 1756 547 1799 labarum
580 1758 799 1802 dimensio
841 1759 1025 1802 ineunte
1073 1776 1192 1802 anno

341 1828 527 1870 alternis
552 1829 723 1884 diebus,
757 1832 794 1872 si
813 1831 872 1873 sit
894 1847 1018 1888 opus,
1051 1832 1190 1888 expli-

341 1899 508 1954 canda;
542 1903 747 1957 syntaxis
776 1902 958 1958 quidem
981 1903 1192 1958 breviter,

341 1971 585 2029 praecipua
628 1973 849 2029 quaedam
893 1974 1045 2032 capita
1075 1990 1194 2017 reco-

340 2041 488 2085 lendo.

486 2114 559 2162 15.
624 2116 908 2159 Eruditionis
947 2133 1079 2160 causa
1120 2118 1192 2160 die
1373 2115 1444 2162 14.
1509 2115 1789 2157 Eruditionis
1836 2131 1969 2157 causa
2007 2116 2077 2157 die

339 2186 598 2228 vacationis
629 2202 709 2243 pro
732 2187 947 2231 historico
967 2189 1104 2231 liceat
1125 2190 1193 2231 in·
1231 2187 1480 2230 vacationis
1530 2201 1610 2243 pro
1671 2186 1883 2229 historico
1944 2187 2078 2229 liceat

339 2256 516 2298 terdum
549 2257 638 2300 alia
669 2258 814 2313 magis
835 2259 1068 2301 recondita
1093 2275 1193 2316 pro·
1229 2259 1456 2301 interdum
1509 2258 1599 2300 alia
1652 2257 1798 2314 magis
1846 2258 2079 2300 recondita

340 2328 469 2383 ferre,
503 2333 554 2370 ut
577 2329 934 2386 hieroglyphica,
958 2335 1009 2372 ut
1029 2331 1192 2373 emble·
1229 2330 1440 2387 proferre,
1463 2333 1515 2372 ut
1546 2329 1830 2383 emblemata,
1862 2334 1914 2371 ut
1945 2344 2077 2385 quae-

340 2403 474 2452 mata,
496 2404 548 2441 ut
571 2401 852 2455 quaestiones
875 2401 931 2443 ad
948 2401 1189 2444 artificium
1229 2402 1396 2443 stiones
1448 2400 1504 2442 ad
1555 2400 1799 2442 artificium
1850 2400 2075 2457 poeticum

339 2470 567 2526 poeticum
588 2475 856 2527 spectanteS,
891 2472 945 2513 de
967 2473 1190 2529 epigram·
1228 2476 1493 2528 spectantes,
1533 2471 1586 2513 de
1619 2471 1956 2528 epigrammate,
1988 2471 2077 2528 epi-

340 2545 473 2594 mate,
499 2541 746 2598 epitaphio,
765 2542 860 2597 ode,
896 2543 1054 2598 elegia,
1088 2558 1188 2600 epo-
1227 2542 1398 2600 taphio,
1432 2542 1527 2596 ode,
1553 2542 1709 2598 elegia,
1735 2542 1960 2599 epopoeia,
1985 2546 2072 2584 tra-

339 2611 480 2668 poeia,
523 2613 776 2668 tragoedia3
825 2618 878 2656 ut
927 2615 981 2656 de
1028 2620 1186 2657 senatu
1224 2613 1398 2671 goedia,
1417 2617 1468 2656 ut
1483 2613 1538 2656 de
1555 2613 1879 2669 archaeologia,
1904 2613 2077 2655 modice

340 2683 561 2737 Romano,
579 2684 632 2725 de
648 2684 931 2740 Atheniensi,
949 2685 1003 2727 de
1022 2686 1185 2728 utrius·
1222 2690 1388 2728 tamen.

341 2768 426 2809 que
446 2754 594 2809 gentis
614 2755 799 2810 militia3
823 2762 874 2798 ut
895 2757 949 2799 de
969 2756 1184 2810 hortensi,

340 2825 565 2879 vestiaria,
598 2825 652 2867 de
691 2827 909 2882 triclinio,
943 2827 997 2869 de
1029 2827 1187 2870 trium-

339 2895 445 2953 pho,
479 2895 533 2937 de
567 2896 757 2953 sibyllis
798 2903 842 2940 et
881 2898 981 2940 aliis
1012 2898 1188 2954 generis

343 2966 556 3023 ejusdem,
590 2967 763 3010 modice
796 2974 960 3011 tamen.

95 3036 323 3098 Pfivffitffgfffl·
486 3037 558 3084 16.
623 3039 903 3082 Declamatio
950 3039 1022 3081 vel
1065 3053 1211 3133 praa,
1372 3038 1444 3085 15.
1508 3037 1788 3080 Declamatio
1835 3037 1910 3079 vel
1953 3051 2076 3093 prae-
2152 3100 2153 3106 1

342 3109 475 3152 lectio
494 3110 565 3152 vel
581 3124 758 3152 carmen
779 3110 850 3151 vel
868 3125 1030 3166 graeca
1046 3110 1190 3153 oratio
1208 3134 1212 3168 l
1232 3109 1365 3152 lectio
1407 3109 1551 3152 latina
1597 3109 1669 3152 vel
1714 3107 1958 3150 vernacula
2002 3107 2076 3151 vel
2152 3133 2153 3168 ,

76 1682 96 1707 G
106 1690 163 1707 rae(
172 1690 186 1706 a
206 1691 327 1714 gramm.

96 2111 256 2135 Pramnio
279 2112 326 2136 die

133 2147 306 2173 vacationis.
