2153 3467
165 1491 325 1522 Repetitio.

154 1988 302 2018 Repetitio

153 2024 312 2048 :abbatiam

134 2284 304 2309 praelectio.

341 211 429 255 388
534 221 644 259 Ratio
671 224 874 261 studiorum
900 230 938 262 et
963 225 1218 264 institutiones
1244 228 1485 265 scholasticae
1513 228 1711 268 Societatis
1737 231 1825 268 Jesu
1850 231 1888 268 II

340 343 643 385 emendandas
672 343 911 401 dispertiat
932 346 1069 402 (quod
1100 361 1189 403 quo
1210 394 1212 410 ν

341 415 621 456 commodius
642 415 736 470 fiat,
768 418 1078 474 unusquisque
1098 432 1190 459 non
1210 412 1212 438 ³

341 500 471 528 suum
503 490 703 542 tantum,
744 487 820 529 sed
851 488 991 530 etiam
1023 488 1190 530 aemuli

340 571 506 599 nomen
537 572 563 599 a
592 562 721 614 tergo
744 558 1001 616 scriptionis
1032 559 1212 601 inscri-‘

341 628 447 682 bat),
480 628 655 685 aliquas
685 630 780 687 ipse
799 630 1017 686 Magister
1043 635 1212 687 pome-⁴

340 699 516 742 ridiano
548 706 763 758 tempore,
795 702 903 744 dum
935 701 1194 743 memoriter

341 771 570 826 recitatur,
595 772 781 828 aliquas,
799 773 835 813 si
852 772 1050 827 libuerit,
1070 772 1191 814 domi

341 843 552 898 corrigat.

483 914 561 961 24.
616 917 732 970 (23.)
791 915 1151 958 Exercitationes
1174 915 1333 970 varias,
1357 915 1464 958 dum
1484 916 1650 973 scripta
1673 917 1873 973 corrigit,
1903 919 2077 973 (oppor-

342 992 448 1029 tuno
480 990 682 1040 tempore)
721 1001 802 1042 pro
835 986 1012 1028 scholae
1043 986 1202 1041 gradu,
1234 986 1366 1028 modo
1400 986 1518 1029 hanc
1539 987 1671 1029 modo
1703 988 1843 1043 illam,
1873 988 2076 1044 imperet.

341 1057 480 1100 Nulla
493 1057 613 1098 enim
626 1071 671 1097 re
685 1061 829 1112 magis
844 1057 1195 1099 adolescentium
1204 1057 1427 1100 industria
1445 1072 1581 1114 quam
1592 1058 1799 1101 satietate
1809 1059 2074 1114 languescit.

935 1129 1119 1190 S⁰⁴⁴jss2ss1ffi¹j⁵
1140 1130 1169 1153 ³¹²
1371 1127 1449 1175 24.
1494 1129 1679 1171 Praeter
1688 1129 1790 1170 illas
1801 1128 2075 1186 scriptiones,

1228 1214 1341 1255 quae
1372 1199 1575 1256 quotidie
1608 1199 1656 1242 in
1678 1200 1842 1242 scholis
1860 1199 1958 1242 fieri
1975 1214 2075 1258 pos-

1229 1275 1354 1325 sunt,
1396 1271 1445 1312 in
1477 1271 1687 1313 omnibus
1718 1271 1936 1313 classibus
1967 1271 2075 1313 scri-

1230 1343 1367 1384 batur
1388 1342 1548 1384 saltem
1567 1342 1704 1384 semel
1725 1342 1774 1383 in
1794 1342 2078 1385 hebdomada

1208 1414 1282 1472 {ut
1313 1412 1555 1455 minimum
1585 1428 1664 1470 per
1693 1413 1865 1456 horam.

488 1483 565 1531 25.
629 1484 861 1541 Repetitio
901 1484 1240 1541 praelectionis,
1278 1490 1375 1527 tum
1414 1485 1645 1527 hesternae
1682 1489 1781 1527 tum
1817 1484 2075 1542 praesentis,

341 1556 495 1598 eodem
517 1570 561 1597 se
583 1556 748 1598 habeat
767 1555 916 1611 modo,
949 1555 1119 1611 fiatque
1141 1556 1213 1597 vel
1237 1556 1292 1598 ab
1313 1570 1403 1597 uno
1423 1560 1537 1611 tota,
1560 1556 1632 1598 vel
1654 1555 1804 1613 potius
1825 1571 1852 1598 a
1872 1556 2077 1612 pluribus

340 1643 419 1685 per
449 1632 621 1684 parteS,
653 1632 705 1668 ut
737 1640 892 1668 omnes
924 1631 1236 1681 exerceantur;
1270 1630 1530 1684 repetantur
1566 1631 1716 1669 autem
1754 1628 1995 1684 praecipua
2032 1632 2077 1669 et

340 1699 597 1752 utilissima,
629 1699 826 1754 primum
867 1698 957 1740 fere
999 1713 1024 1739 a
1062 1697 1437 1755 provectioribus,
1480 1697 1641 1739 deinde
1681 1699 1820 1740 etiam
1861 1699 1917 1740 ab
1957 1698 2076 1752 aliis,

342 1770 480 1825 idque
512 1770 583 1812 ve]
618 1769 872 1811 continenti
905 1769 1123 1824 oratione,
1156 1769 1229 1811 vel
1262 1769 1319 1811 ad
1350 1769 1554 1824 singulas
1584 1769 1797 1825 Magistri
1827 1769 2078 1825 interroga-

340 1842 484 1885 tiones
507 1842 774 1897 interrupta,
809 1841 985 1883 aemulo
1008 1841 1126 1882 inter
1145 1840 1435 1897 repetendum
1458 1841 1726 1896 corrigente,
1760 1841 1797 1884 si
1818 1841 1931 1883 alter
1948 1844 2077 1894 erret,

340 1914 429 1968 vel,
462 1913 495 1954 si
531 1917 781 1966 cunctetur,
815 1916 1139 1957 antevertente.

482 1983 560 2030 26.
625 1983 710 2025 Die
732 1983 921 2026 Sabbati
943 1982 1106 2038 omnia,
1131 1998 1244 2039 quae
1265 1997 1343 2040 per
1363 1982 1691 2025 hebdomadam
1712 1982 1936 2039 praelecta
1957 1986 2076 2036 sunt,

341 2057 609 2100 recolantur.
676 2054 847 2104 Quodffl
880 2054 958 2110 qui
989 2054 1216 2097 interdum
1248 2055 1549 2112 profiteantur
1580 2055 1634 2096 de
1667 2054 1722 2095 iis
1761 2053 1970 2096 omnibus
2000 2053 2076 2095 vel

342 2129 396 2170 de
418 2132 516 2169 toto
549 2126 666 2168 libro
691 2141 735 2167 se
758 2140 1062 2182 responsuros,
1096 2141 1151 2168 ex
1173 2126 1229 2169 iis
1252 2127 1426 2182 aliquot
1449 2126 1644 2168 delectos
1665 2125 1828 2181 reliqui
1851 2125 1970 2167 binis
1990 2129 2076 2167 ter-

339 2200 467 2241 nisve
499 2199 722 2240 lacessant
754 2197 1203 2253 interrogationibus,
1234 2212 1326 2240 non
1359 2196 1454 2239 sine
1484 2194 1715 2254 praemio.'

486 2281 557 2328 27.
620 2281 676 2322 In
707 2279 1089 2338 praelectionibus
1121 2284 1292 2323 veteres
1331 2281 1478 2323 solum
1510 2285 1735 2336 auctores,
1774 2280 1900 2322 nullo
1940 2280 2074 2322 modo

340 2352 607 2395 recentiores
641 2352 935 2409 explicentur.
1001 2352 1198 2394 Multum
1231 2356 1381 2394 autem
1412 2351 1632 2408 proderit,
1666 2352 1703 2394 si
1735 2352 1952 2406 Magister
1982 2364 2074 2392 non

340 2423 638 2466 tumultuario
681 2438 731 2465 ac
763 2423 914 2465 subito
959 2423 1101 2477 dicat,
1145 2423 1223 2465 sed
1271 2438 1383 2479 quae
1431 2422 1554 2465 domi
1595 2423 1792 2479 cogitate
1831 2422 2073 2479 scripserit,

337 2500 576 2551 totumque
608 2494 777 2536 librum
809 2495 881 2536 Vel
914 2495 1178 2548 orationem,
1211 2509 1342 2550 quam
1378 2508 1483 2551 prae
1523 2494 1732 2537 manibus
1773 2494 1929 2548 habet,
1968 2499 2073 2535 ante

336 2566 587 2621 perlegerit.
650 2566 816 2607 Forma
848 2570 996 2607 autem
1027 2566 1341 2623 praelectionis
1371 2565 1480 2606 haec
1510 2565 1649 2606 ferme
1680 2564 1787 2606 erit:

479 2637 683 2678 Primum
716 2641 858 2678 totam
892 2636 1173 2679 continenter
1194 2636 1474 2693 pronunciet,
1507 2635 1595 2677 nisi
1616 2634 1859 2692 aliquando
1882 2634 1930 2676 in
1949 2634 2070 2676 Rhe-

336 2707 510 2749 thorica
542 2711 586 2747 et
618 2708 917 2749 Humanitate
949 2707 1130 2763 longior
1160 2721 1251 2749 esse
1271 2707 1444 2750 debeat.
1504 2709 1645 2761 (1832
1664 2706 1946 2763 simpliciter:
1980 2707 2072 2748 nisi

336 2780 505 2833 [θηρίον
537 2794 624 2821 esse
657 2780 837 2833 debeat.)

478 2849 683 2892 Secundo
715 2850 980 2893 brevissime
1000 2852 1317 2905 argumentum
1349 2853 1546 2905 exponat
1565 2854 1609 2891 et
1629 2847 1968 2902 connexionem,
1991 2847 2070 2889 ubi

335 2920 419 2961 erit
452 2935 579 2977 opUS,
612 2935 715 2962 cum
748 2920 815 2975 iis,
849 2936 963 2977 quae
997 2923 1342 2962 antecesserant.

474 2991 625 3033 Tertio
664 3006 1028 3047 unamquamque
1066 2991 1299 3047 periodum
1341 2992 1621 3047 praelegens,
1664 2990 1885 3046 siquidem
1926 2987 2068 3030 latine

334 3061 666 3119 interpretetur,
683 3062 961 3105 obscuriores
982 3062 1208 3118 explanet,
1226 3075 1361 3103 unam
1382 3062 1511 3104 alteri
1529 3066 1697 3116 nectat,
1721 3076 1772 3102 ac
1793 3059 2063 3102 sententiam

334 3148 426 3174 non
466 3134 647 3189 quidem
687 3135 841 3183 inepta
881 3134 1179 3190 metaphrasi,
1226 3133 1470 3187 unicuique
1509 3133 1647 3175 verbo
1689 3133 1830 3173 latino
1872 3131 2063 3172 alterum
