2148 3402
671 178 736 232 Ep.
761 186 803 223 P.
831 176 1055 232 Aquavivae.
1107 187 1207 224 1599.
1707 176 1790 220 227

91 313 260 366 posset,
301 308 731 361 animadverterent3
781 307 890 363 quid
923 306 1114 362 denique
1155 305 1208 347 de
1242 310 1338 347 tota
1370 306 1454 347 hac
1486 307 1660 348 ratione
1693 322 1792 348 sen-

90 381 252 435 tirent,
285 379 502 422 adhibitis
533 379 761 421 rationum
792 377 1045 432 momentis,
1079 381 1363 434 exponerent.

231 469 362 519 Quod
410 484 511 510 cum
558 483 710 510 omnes
759 466 851 508 fere
884 465 1153 509 Provinciae
1208 470 1387 507 strenue
1426 469 1559 521 atque
1598 466 1792 508 virilitor

91 540 443 597 praestitissent,
478 540 648 594 omnia,
683 553 795 595 quae
827 537 883 580 ab
917 537 972 579 iis
996 537 1235 579 observata
1252 537 1325 578 vel
1346 536 1577 593 proposita
1600 536 1792 591 fuerant,

91 612 263 653 Romae
310 610 474 652 iterum
522 626 547 652 a
589 609 842 667 praecipuis
887 608 1085 650 Romani
1129 608 1321 663 Collegii
1369 607 1629 649 doctoribus
1677 613 1721 649 et
1769 624 1794 650 a

92 682 240 724 tribus
273 681 500 738 deputatis
522 681 750 735 Patribus,
783 681 861 736 qui
892 680 940 721 in
973 679 1093 721 hunc
1118 679 1254 721 finem
1276 680 1449 721 Romae
1481 679 1793 733 substiterant,

92 753 247 794 sedulo
287 751 523 808 recognita
554 752 610 793 R.
638 753 689 793 P.
719 752 776 793 N.
807 750 1042 794 Generalis
1081 765 1182 792 cum
1215 751 1429 793 Patribus
1461 750 1794 792 Assistentibns

92 827 300 865 accurate
330 822 590 880 perpendit,
622 822 934 878 rationemque
961 821 1046 863 1100
1068 821 1201 863 modo
1222 822 1610 864 accommodatam
1631 822 1793 864 iterum

92 895 140 936 in
172 894 430 937 universam
457 893 728 936 Societatem
759 893 884 935 mitti
917 892 1094 935 curavit
1127 897 1190 946 et,
1221 898 1274 935 ut
1308 894 1363 935 ab
1398 893 1607 935 omnibus
1640 898 1795 935 exacte

92 969 357 1020 servaretur,
390 964 628 1022 praecepit.

234 1053 418 1096 Monuit
448 1057 602 1095 tamen
624 1053 932 1095 Provinciales
965 1067 1131 1108 omnes,
1165 1058 1237 1108 ut,
1260 1053 1474 1109 quoniam
1497 1067 1641 1095 novae
1665 1052 1795 1094 insti-

93 1124 293 1167 tutiones
325 1125 381 1167 ab
415 1124 721 1182 experimento
753 1124 1012 1166 solidiorem
1044 1123 1310 1166 firmitatem
1343 1123 1595 1180 accipiunt,
1627 1124 1676 1165 in
1703 1124 1794 1166 suis

95 1195 262 1252 quique
310 1196 584 1251 Provinciis,
642 1196 750 1252 quid
802 1195 1099 1251 quotidianus
1140 1195 1331 1237 docendi
1378 1210 1485 1236 usus
1526 1195 1794 1249 ostenderet,

94 1268 364 1310 adnotarent
396 1272 440 1310 et
461 1268 657 1310 Romam
688 1272 846 1324 postea
867 1268 1122 1321 mitterent,
1154 1271 1206 1308 ut
1235 1269 1436 1308 extrema
1465 1266 1650 1308 tandem
1672 1266 1794 1323 operi

93 1354 254 1381 manus
294 1339 621 1394 admoveretur,
670 1343 714 1380 et
752 1338 1004 1380 studiorum
1042 1342 1299 1380 nostrorum
1330 1338 1447 1379 ratio
1480 1342 1583 1394 post
1617 1342 1793 1380 tantam

92 1415 274 1466 tamque
327 1410 590 1453 diuturnam
645 1410 968 1452 discussionem
1022 1413 1143 1452 certa
1197 1409 1350 1465 aliqua
1395 1408 1610 1451 firmitate
1657 1409 1794 1451 stabi-

93 1481 267 1524 liretur.

236 1565 351 1607 Cum
390 1579 495 1608 vero
528 1565 850 1621 Provinciales,
896 1565 974 1621 qui
1014 1565 1071 1607 ad
1110 1565 1328 1615 Quintam
1369 1564 1637 1607 Generalem
1679 1565 1793 1606 Con-

92 1636 408 1691 gregationem
455 1642 699 1692 venerunt,
747 1652 801 1678 ex
845 1637 936 1678 suis
971 1636 1227 1679 Provinciis
1274 1651 1387 1692 quae
1434 1651 1488 1677 ex
1528 1635 1794 1692 quotidiano

92 1721 176 1748 11311
208 1707 358 1749 minus
390 1709 621 1751 commode
654 1708 854 1750 accidere
888 1708 1204 1750 animadversa
1233 1707 1416 1749 fuerant
1448 1707 1718 1761 attulissent,
1751 1711 1795 1748 et

92 1778 295 1835 plerique
328 1778 544 1836 majorem
575 1779 624 1821 in
655 1779 740 1822 hac
771 1780 946 1821 ratione
977 1777 1249 1820 brevitatem
1280 1782 1455 1834 praeter
1482 1782 1657 1819 caetera
1679 1777 1793 1818 desi-

94 1848 320 1904 derarent,
369 1865 537 1907 magno
578 1865 684 1893 sane
724 1850 876 1893 labore
915 1850 1088 1892 factum
1121 1854 1208 1903 est,
1255 1854 1306 1891 ut
1353 1853 1452 1891 tota
1482 1849 1598 1891 ratio
1631 1848 1794 1890 iterum

94 1920 333 1975 diligenter
363 1921 696 1964 examinaretur
727 1926 787 1976 et,
821 1921 1050 1978 perpensis
1081 1920 1309 1962 rationum
1341 1919 1596 1974 momentis,
1629 1934 1742 1974 quae
1770 1934 1796 1961 a

93 1991 351 2034 Provinciis
373 1993 690 2048 afferebantur,
725 1993 837 2049 quid
857 1993 1041 2034 tandem
1062 1991 1251 2033 firmiter
1272 1991 1642 2034 constituendum
1666 1995 1794 2043 esset,

94 2062 430 2119 dijudicaretur,
464 2069 508 2107 et
540 2064 712 2119 omnia,
746 2064 894 2120 quoad
915 2064 1011 2105 fieri
1032 2064 1204 2121 potuit,
1239 2064 1295 2105 ad
1319 2063 1573 2106 breviorem
1597 2077 1793 2104 commo-

94 2134 354 2191 dioremque
385 2135 647 2178 methodum
679 2136 1013 2191 redigerentur:
1061 2135 1181 2191 quod
1213 2135 1279 2177 ita
1310 2135 1581 2191 praestitum
1616 2138 1705 2189 est,
1745 2138 1797 2175 ut

94 2206 262 2262 sperari
308 2207 468 2250 merito
515 2207 678 2265 possit,
733 2211 1011 2264 postremum
1065 2207 1186 2248 hunc
1234 2206 1434 2248 laborem
1482 2205 1538 2248 ab
1587 2205 1796 2248 omnibus

96 2277 440 2334 comprobatum
471 2278 541 2320 iri.

238 2360 387 2409 Quare
417 2361 529 2403 haec
560 2361 814 2404 studiorum
845 2362 976 2416 ratio,
1023 2376 1137 2417 quae
1169 2375 1291 2402 nunc
1323 2359 1538 2414 mittitur,
1587 2358 1798 2401 omnibus

97 2431 212 2486 aliis,
245 2447 360 2487 quae
393 2433 584 2475 antehac
617 2432 915 2490 experimenti
938 2447 1071 2474 causa
1093 2431 1254 2473 missae
1279 2431 1479 2485 fuerant,
1511 2430 1798 2487 posthabitis,

97 2503 265 2546 servari
297 2503 345 2545 in
376 2508 604 2560 posterum
635 2505 691 2546 ab
723 2503 935 2546 omnibus
970 2503 1133 2545 nostris
1167 2502 1372 2557 debebit,
1405 2502 1454 2543 in
1482 2516 1622 2558 eoque
1645 2501 1800 2544 sedula

97 2574 332 2616 doctorum
375 2579 631 2617 nostrorum
670 2590 804 2632 opera
841 2574 1104 2617 collocanda
1147 2573 1255 2628 erit,
1300 2577 1371 2627 ut,
1419 2587 1533 2629 quae
1574 2578 1801 2629 postrema

96 2644 182 2686 hac
212 2645 388 2686 ratione
420 2646 695 2703 praescripta
727 2651 852 2701 sunt,
894 2646 1029 2688 facile
1067 2644 1355 2700 suaviterque
1389 2643 1643 2686 executioni
1675 2659 1802 2685 man-

98 2716 276 2758 dentur.
341 2716 473 2766 Quod
492 2717 557 2759 ita
588 2717 795 2760 futurum
827 2733 934 2772 esse,
974 2717 1089 2759 mihi
1120 2716 1253 2758 facile
1284 2716 1544 2773 persuadeo,
1577 2715 1612 2756 si
1647 2730 1801 2757 omnes

98 2787 373 2843 intelligant,
405 2802 500 2829 rem
530 2788 646 2831 hanc
678 2790 734 2831 R.
768 2790 818 2831 P.
851 2789 1018 2832 Nostro
1050 2787 1245 2830 maxime
1278 2787 1402 2830 cordi
1435 2801 1540 2831 esse.

241 2870 557 2927 Superioribus
599 2886 726 2926 vero,
774 2872 938 2928 quibus
981 2872 1219 2929 praecipue
1265 2870 1350 2913 hoc
1398 2885 1511 2913 onus
1558 2869 1800 2922 incumbit,

100 2942 300 2996 graviter
331 2957 437 2983 sane
470 2946 605 2998 atque
636 2943 878 2985 efficaciter
911 2944 965 2985 R.
988 2944 1037 2985 P.
1060 2944 1116 2985 N.
1139 2942 1373 2985 Generalis
1401 2942 1702 2994 commendat,
1735 2944 1798 3003 nt7

102 3017 271 3067 quanta
292 3013 490 3054 maxima
511 3018 699 3069 possunt
723 3014 862 3055 animi
895 3014 1198 3069 contentione,
1233 3014 1478 3067 enitantur,
1512 3018 1562 3053 nt
1593 3027 1660 3053 res
1693 3011 1801 3052 haec

103 3087 334 3140 tantopere
357 3084 404 3125 in
427 3084 594 3125 nostris
619 3084 1035 3126 Constitutionibus
1057 3085 1382 3138 commendata,
1417 3088 1460 3125 et
1492 3098 1605 3138 quae
1635 3081 1801 3123 nostris

1591 3165 1655 3198 15*
