2143 3462
241 496 269 520 p.
291 489 353 514 203.

386 183 472 226 144
570 191 680 229 Ratio
708 192 912 230 studiorum
937 198 975 230 et
999 192 1254 231 institutiones
1280 194 1520 231 scholasticae
1546 192 1742 232 Societatis
1766 194 1859 233 Jesu
1882 194 1921 232 11

803 454 883 517 Dc
929 453 1162 518 Studiis
1205 454 1635 531 Humanitatis

753 552 845 600 hoc
886 556 974 609 est,
1015 551 1386 609 Grammaticae,
1426 550 1692 609 Historiae,

885 633 1130 693 Poeticae,
1171 638 1218 683 et
1254 633 1563 683 Rhetoricae.

518 750 782 791 Nostrorum
813 764 1073 806 progressus
1103 749 1151 791 in
1182 749 1327 791 literis
1346 749 1703 792 Humanioribus
1723 764 1916 805 magnae
1938 765 2070 793 curae

377 819 515 862 fuisse
548 820 674 861 Patri
705 820 869 861 Nostro
902 820 1084 875 Ignatio
1117 824 1297 862 sanctae
1327 820 1568 863 memoriae
1599 820 1804 863 indicant
1836 821 2068 864 Constitu-

376 891 536 944 tiones,
577 905 688 946 quae
719 890 772 932 de
804 890 859 946 ijs
890 905 983 932 non
1013 891 1163 933 minus
1195 891 1353 946 multa,
1392 906 1528 947 quam
1571 891 1625 933 de
1663 890 1965 948 superioribus
2003 892 2068 934 fa-

376 961 621 1003 cultatibus
660 961 959 1018 praecipiunt;
1014 966 1058 1004 et
1097 962 1258 1004 iubent
1297 977 1389 1004 esse
1430 962 1633 1018 Collegia
1672 961 1905 1017 quaedam,
1953 977 2066 1018 quae

375 1036 473 1074 tota
512 1032 682 1087 linguis
713 1032 923 1074 docendis
955 1032 1267 1088 discendisque
1297 1033 1634 1089 impendantur.
1696 1033 1838 1074 Porro
1870 1033 1928 1075 ad
1957 1033 2067 1075 haec

375 1102 524 1144 studia
568 1117 659 1144 non
706 1103 882 1145 utilitas
933 1103 1082 1157 modo,
1133 1104 1210 1145 sed
1257 1103 1441 1145 euidens
1486 1103 1727 1145 necessitas
1773 1107 1818 1145 et
1846 1104 2068 1146 nonnulla

374 1173 574 1214 iustitiae
597 1173 713 1215 ratio
737 1173 869 1215 debet
888 1175 1076 1216 Nostros
1097 1174 1337 1231 impellere,
1371 1189 1472 1216 cum
1492 1175 1738 1216 multorum
1760 1173 2066 1229 Collegiorum

373 1244 545 1285 reditus
594 1245 642 1286 in
681 1259 811 1286 onere
849 1244 1044 1287 docendi
1084 1245 1441 1288 Grammaticam
1487 1245 1729 1300 literasque
1765 1245 2069 1287 Humaniores

372 1315 640 1357 fundentur:
692 1316 941 1357 cuiusmodi
974 1316 1245 1372 obligationi
1277 1315 1484 1358 satisfieri
1517 1330 1608 1357 non
1646 1319 1815 1372 potest,
1861 1316 1950 1358 nisi
1988 1331 2067 1373 per

372 1385 556 1427 idoneos
577 1388 917 1442 Praeceptores:
952 1388 1104 1442 quales
1135 1386 1335 1429 habituri
1366 1401 1458 1428 non
1490 1401 1654 1441 sumUS,
1688 1386 1778 1428 nisi
1806 1386 2064 1428 huiusmodi

371 1457 521 1498 studia
552 1457 672 1513 apud
693 1458 882 1499 Nostros
912 1457 1115 1499 floreant.
1166 1457 1310 1511 Adde,
1343 1457 1464 1513 quod
1494 1458 1679 1513 linguae
1699 1457 1892 1500 Latinae
1923 1458 2064 1500 scien-

371 1528 435 1569 tia
467 1532 601 1583 atque
633 1543 716 1571 vsu
736 1529 891 1570 Nostri
920 1528 1180 1585 cumprimis
1210 1528 1421 1584 indigent
1450 1533 1630 1585 propter
1660 1529 1889 1571 variarum
1921 1528 2065 1571 natio-

370 1614 476 1640 num
508 1599 977 1641 communicationem:
1011 1604 1192 1656 propter
1223 1599 1511 1642 scholasticas
1533 1600 1888 1655 exercitationes,
1922 1599 2066 1642 Theo-

371 1671 576 1724 logorum
617 1670 753 1712 etiam
794 1674 839 1711 et
870 1670 1266 1727 Philosophorum:
1320 1674 1502 1727 propter
1546 1671 1800 1726 frequentes
1845 1670 2062 1713 librorum

370 1745 413 1781 ot
463 1742 757 1782 Tractatuum
809 1741 1093 1797 scriptiones:
1157 1746 1340 1798 propter
1399 1756 1661 1797 germanam
1709 1741 2061 1797 intelligentiam

369 1813 636 1853 Sanctorum
674 1813 884 1866 Patrum,
933 1813 1009 1868 qui.
1053 1813 1161 1854 satis
1202 1813 1365 1854 Latine
1402 1812 1697 1869 scripserunt:
1749 1817 1931 1870 propter
1977 1813 2062 1855 fre-

369 1888 579 1936 quentem
600 1898 700 1925 cum
720 1883 830 1925 viris
861 1883 1003 1925 doctis
1035 1883 1415 1926 consuetudinem.
1467 1883 1666 1925 Tandem
1697 1883 1857 1925 horum
1888 1883 2059 1926 studio-

368 1968 463 1994 rum
514 1953 786 1996 adminiculo
834 1954 1003 2011 potius,
1055 1970 1190 2010 quam
1234 1954 1513 2011 superiorum
1552 1954 1823 1996 facultatum
1861 1954 2060 1997 Societas

315 2048 319 2063 1
343 2061 347 2065 .
370 2024 491 2065 breui
526 2029 774 2081 propagata
801 2029 806 2078 Ι
834 2028 901 2066 est
932 2025 980 2066 in
1011 2025 1274 2082 praecipuas
1307 2026 1426 2067 orbis
1448 2025 1694 2067 Christiani
1714 2028 1882 2082 partes:
1914 2040 2058 2081 neque

369 2096 410 2136 in
446 2095 500 2151 ijs
532 2096 690 2137 melius
722 2111 773 2138 ac
803 2096 975 2137 firmius
1008 2097 1263 2139 conservari
1299 2100 1461 2153 potest,
1507 2111 1641 2152 quam
1682 2095 1840 2152 ijsdem
1871 2095 2058 2156 artibus,

368 2167 423 2207 ob
455 2182 565 2222 quas
597 2167 728 2209 initio
761 2167 955 2209 admissa
986 2167 1099 2221 fuit,
1134 2172 1177 2209 et
1197 2168 1283 2209 nisi
1305 2168 1389 2209 hoc
1410 2167 1587 2222 insigne
1607 2171 1935 2219 ornamentum,
1968 2181 2056 2223 quo

368 2238 488 2279 Deus
512 2238 783 2280 Societatem
806 2238 1096 2280 cohonestare
1118 2239 1332 2293 dignatus
1353 2242 1433 2292 est,
1466 2238 1583 2280 tueri
1599 2237 1870 2292 studeamus,
1903 2252 2058 2280 Veren-

367 2309 473 2349 1111111
506 2314 586 2363 cst,
624 2325 679 2350 nc
711 2309 758 2350 in
790 2324 888 2351 eam
920 2309 1186 2363 barbariem,
1229 2324 1363 2365 quam
1394 2309 1443 2351 in
1475 2308 1575 2364 alijs
1606 2308 1792 2364 probare
1824 2323 1916 2350 non
1946 2309 2057 2350 sole-

366 2395 476 2433 mus,
524 2380 654 2422 facile
702 2381 966 2425 dilabamur.
1028 2382 1145 2423 Nam
1193 2384 1385 2421 caeteras
1432 2379 1688 2433 facultates,
1737 2393 1850 2434 quae
1895 2394 1974 2436 per
2010 2393 2055 2421 se

366 2450 486 2506 ipsae
533 2452 861 2507 splendescunt,
913 2451 1102 2493 colimus
1151 2466 1243 2492 non
1292 2454 1498 2505 grauate:
1550 2450 1807 2491 fastidimus
1855 2450 2055 2492 vicissim

367 2522 635 2573 ignobiliora
667 2522 830 2576 studia,
862 2526 906 2564 et
938 2522 993 2564 ad
1026 2537 1077 2564 ea
1100 2526 1317 2576 tanquam
1337 2525 1615 2578 repugnante
1635 2525 1798 2562 natura
1816 2520 2051 2562 trahimur.

364 2592 509 2639 Quare
556 2593 695 2634 bonos
742 2593 961 2647 agricolas
1008 2592 1174 2634 imitari
1222 2596 1409 2649 oportet,
1458 2591 1535 2647 qui
1575 2591 1676 2648 plus
1715 2591 1763 2633 in
1807 2591 1964 2633 satiuis
2001 2606 2053 2633 ac

364 2663 610 2717 pfflwffgrinis
630 2664 862 2706 arboribus
883 2664 1066 2718 alendis,
1100 2677 1235 2719 quam
1262 2664 1310 2704 in
1341 2661 1509 2704 natiuis
1540 2662 1768 2704 laborant:
1802 2661 2052 2705 cuiusmodi

362 2734 598 2788 peculiaris
648 2734 963 2777 humaniorum
1015 2735 1249 2775 literarum
1303 2748 1409 2775 cura
1460 2732 1661 2787 grauiter
1712 2732 2052 2774 commendatur

364 2804 474 2859 [tog.
507 2807 576 2847 50.
611 2805 921 2847 Prouincialis.

502 2876 670 2916 Dolcnt
702 2891 805 2916 vcro
844 2877 1043 2931 plerique
1083 2890 1247 2929 munos,
1290 2874 1400 2915 haec
1441 2873 1590 2915 studia
1629 2888 1795 2928 magna
1827 2888 1880 2915 ex
1923 2878 2050 2930 parte

362 2946 481 3001 apud
504 2947 688 2987 Nostros
710 2947 969 3000 confidisse,
1004 2952 1054 2987 vt
1072 2946 1189 2986 bono
1212 2945 1361 3000 aliquo
1385 2945 1704 2998 Grammatico,
1738 2949 1817 2986 aut
1838 2944 2048 2998 Rhetore,

360 3022 438 3057 aut
470 3017 697 3057 literarum
737 3017 1065 3057 Humaniorum
1098 3016 1240 3072 perito
1272 3015 1384 3056 nihil
1418 3015 1551 3071 plane
1585 3015 1643 3056 sit
1676 3014 1819 3056 rarius
1851 3029 1902 3056 ac
1934 3014 2048 3056 diffi-

359 3087 487 3128 cilius
520 3087 721 3128 inuvntu.
763 3087 865 3127 Fiet
898 3091 1047 3128 autom
1080 3086 1262 3128 difficile
1296 3086 1441 3139 magis
1474 3086 1519 3126 in
1553 3085 1660 3138 dies,
1693 3085 1781 3125 nisi
1803 3084 1909 3126 huic
1928 3085 2046 3125 malo
