2143 3462
343 185 427 226 216
506 196 619 231 Ratio
646 197 849 232 studiorum
878 203 916 232 et
940 198 1200 234 institutiones
1228 200 1469 234 scholasticae
1498 200 1693 235 Societatis
1720 201 1810 236 Jesu
1834 202 1873 236 ΙΙ

483 320 522 361 5.
555 318 773 375 Tempore
804 320 1074 374 schismatis,
1105 320 1143 361 si
1173 325 1275 376 post
1306 319 1574 374 diligentem
1595 320 1823 362 Ecclesiae
1853 320 2040 376 inquisi-

341 390 526 443 tionem,
559 390 659 445 quis
690 390 749 432 sit
779 406 910 433 verus
942 392 1088 448 Papa,
1131 390 1328 432 nescitur
1369 395 1447 432 aut
1478 390 1727 445 dubitatur,
1758 391 1946 447 perinde
1975 397 2042 433 est

343 475 394 501 ac
426 461 462 501 si
495 461 649 503 nullus
680 467 796 503 esset
828 463 963 518 Papa.

484 535 524 575 6.
557 533 845 588 Apostolicae
877 533 1116 575 traditioni
1150 534 1294 588 magis
1321 538 1674 575 consentaneum
1704 538 1783 587 est,
1816 534 2042 590 Papatum

344 603 636 660 Episcopatui
671 605 878 645 Romano
911 619 1136 646 annexum
1169 620 1262 646 esse
1293 604 1388 646 iure
1420 603 1590 646 diuino.

485 678 523 718 7.
557 675 677 716 Male
709 690 874 716 sonans
906 691 957 717 ac
988 675 1288 731 periculosum
1320 679 1387 717 est
1417 674 1600 729 sentire,
1638 675 1686 716 in
1724 676 2045 718 canonizandis

341 746 534 799 Sanctis,
567 762 619 787 ac
651 746 990 801 Religionibus¹
1029 746 1332 802 approbandis
1363 747 1536 802 Papam
1569 761 1714 788 errare
1745 762 1886 803 posse.

484 820 522 861 8.
556 817 818 871 Antequam
851 817 975 872 Papa
1007 817 1079 858 vel
1106 817 1360 859 Concilium
1392 817 1565 872 aliquid
1596 817 1816 859 definiant
1848 818 1902 859 de
1932 818 2046 860 Fide

340 894 386 928 et
427 888 648 941 moribus,
689 887 846 929 diuino
889 892 1100 929 tenentur
1138 893 1373 945 praecepto
1416 888 1661 930 humanam
1705 888 2045 944 inquisitionem

342 975 392 1001 ao
426 960 751 1001 discussionem
785 958 1011 1000 adhibere.

482 1035 523 1074 9.
559 1030 875 1072 Infallibilitas
908 1045 999 1071 non
1031 1035 1099 1071 est
1131 1031 1352 1086 promissa
1382 1030 1603 1073 diuinitus
1635 1030 1740 1073 huic
1764 1031 2044 1086 discussioni,

344 1103 419 1144 sed
454 1102 745 1144 conclusioni.

486 1176 550 1217 10.
585 1172 715 1215 Licet
746 1172 855 1214 haec
888 1172 1106 1214 discussio
1140 1173 1281 1214 maior
1314 1174 1518 1215 minorve
1545 1189 1626 1230 pro
1648 1188 1798 1216 rerum
1820 1175 2047 1230 grauitate

340 1260 432 1285 esse
465 1244 646 1297 debeat,
679 1260 770 1286 non
803 1248 953 1300 potest
991 1249 1141 1286 tamen
1182 1248 1311 1286 tanta
1348 1245 1414 1286 rei
1454 1245 1657 1300 grauitas
1688 1260 1801 1297 esse,
1836 1249 1888 1287 vt
1919 1246 2047 1302 Papa

340 1314 546 1369 indigeat
563 1315 788 1370 generalis
813 1315 1004 1371 Concilij
1023 1315 1297 1357 discussione
1313 1315 1370 1357 ad
1393 1316 1701 1358 infallibiliter
1723 1316 2044 1359 definiendum.

491 1390 555 1430 11.
590 1387 659 1428 De
697 1387 809 1428 Fide
850 1391 916 1428 est
954 1388 1106 1444 Papae
1146 1386 1374 1439 definitio,
1414 1402 1515 1428 cum
1556 1387 1686 1429 dicit:
1730 1387 2046 1443 „Contrarium

344 1458 584 1500 anathema
601 1458 713 1500 sit“:
739 1459 1053 1514 „Haereticum
1075 1460 1191 1502 est“:
1220 1458 1492 1515 „Repugnat
1509 1458 1751 1513 Ecclesiae,
1780 1458 2047 1514 Euangelio‚

347 1530 650 1587 Scriptiirae“‚
682 1535 727 1572 et
759 1530 1034 1572 huiusmodi.

489 1604 555 1645 12.
589 1602 683 1643 Nec
721 1601 965 1643 secundum
1005 1602 1233 1658 priuatam
1275 1602 1555 1658 opinionem,
1603 1604 1682 1645 sed
1723 1619 1777 1645 ex
1820 1603 2047 1646 Cathedra

343 1672 594 1728 respondet,
627 1686 810 1727 remque
842 1672 897 1713 de
919 1672 1032 1714 Fide
1064 1673 1226 1715 statuit
1258 1688 1363 1727 esse,
1398 1689 1500 1715 cum
1533 1674 1659 1729 Papa
1690 1674 1747 1715 ad
1778 1673 1839 1728 id,
1872 1673 1927 1715 de
1958 1688 2047 1730 quo

341 1743 608 1798 consulitur,
640 1743 822 1797 directe,
855 1743 1062 1785 absolute
1094 1749 1139 1786 et
1169 1745 1265 1786 sine
1298 1744 1597 1787 haesitatione
1629 1745 1879 1802 respondet.

489 1817 554 1859 13.
589 1813 875 1856 Probabilius
916 1819 983 1856 est
1022 1830 1115 1857 esse
1157 1816 1211 1858 de
1243 1816 1354 1858 Fide
1393 1815 1665 1871 immediate,
1698 1831 1813 1871 eum,
1845 1816 1923 1872 qui
1954 1817 2045 1858 iam

341 1887 509 1929 electus
541 1891 585 1927 et
617 1885 673 1927 ab
707 1886 907 1928 Ecclesia
938 1891 1141 1943 receptus
1175 1892 1241 1929 est
1271 1903 1350 1944 pro
1383 1903 1490 1930 vero
1522 1888 1663 1944 Papa,
1695 1903 1786 1929 esse
1817 1902 1974 1930 verum
2002 1892 2046 1930 et

340 1959 597 2014 legitimum
629 1959 821 2013 Papam:
862 1973 1006 2013 neque
1046 1957 1092 1999 id
1130 1958 1281 2001 locum
1319 1959 1484 2001 habere
1515 1959 1774 2014 dumtaxat,
1807 1964 2044 2017 postquam

341 2031 468 2087 Papa
500 2028 683 2085 aliquod
716 2028 861 2070 edidit
892 2029 1121 2072 decretum
1151 2029 1295 2085 Fidei,
1328 2030 1405 2073 sed
1436 2030 1573 2073 etiam
1607 2034 1753 2074 antea.

941 2150 1013 2198 De
1051 2149 1434 2200 Traditionibus.

487 2247 522 2287 1.
557 2243 729 2287 Diuina
750 2225 937 2286 braditio
957 2248 1038 2297 est,
1061 2259 1210 2300 quam,
1233 2244 1340 2286 licet
1361 2244 1409 2286 in
1431 2244 1679 2302 Scripturis
1698 2259 1790 2286 non
1811 2244 2044 2300 habeatur,

342 2330 393 2357 ex
429 2330 501 2356 ore
535 2315 703 2358 Christi
735 2320 1002 2372 acceperunt
1033 2315 1262 2372 Apostoli:
1297 2320 1342 2357 et
1370 2314 1482 2357 haec
1513 2319 1580 2356 est
1611 2315 1665 2356 de
1696 2315 1822 2357 Fide.

484 2390 522 2430 2.
554 2387 681 2429 Idem
713 2387 932 2430 iudicium
965 2391 1031 2428 est
1062 2387 1115 2428 de
1137 2386 1402 2442 Apostolica
1432 2385 1692 2440 traditione,
1725 2401 1862 2442 quam
1893 2391 1946 2429 ut
1975 2388 2044 2429 in-

342 2461 593 2500 strumenta
631 2459 828 2515 Spiritus
865 2458 1011 2500 sancti
1059 2473 1135 2500 seu
1175 2457 1351 2515 Spiritu
1396 2461 1552 2499 sancto
1600 2456 1799 2500 dictante
1835 2457 2044 2515 Apostoli

343 2528 628 2570 tradiderunt
660 2530 898 2572 Ecclesiae.

485 2603 523 2644 3.
558 2601 642 2642 Est
682 2605 726 2642 et
763 2601 985 2656 quaedam
1024 2600 1290 2658 Apostolica
1328 2599 1535 2653 traditio,
1569 2613 1704 2656 quam
1744 2599 1953 2657 Apostoli
1990 2606 2045 2642 vt

340 2669 569 2712 Ecclesiae
600 2671 927 2726 gubernatores
958 2676 1219 2725 sanxerunt,
1252 2677 1297 2713 et
1327 2672 1437 2713 haec
1468 2670 1629 2727 recipit
1659 2671 2042 2728 dispensationem

341 2755 419 2797 per
448 2740 757 2798 Apostolicam
790 2742 965 2797 Sedem,
999 2758 1081 2784 nec
1114 2747 1181 2785 est
1212 2742 1266 2784 de
1296 2741 1420 2784 Fide.

483 2815 523 2855 4.
556 2813 702 2854 Multo
734 2813 884 2855 minus
917 2813 1180 2870 Apostolica
1212 2813 1431 2869 quaedam
1454 2812 1653 2867 traditio,
1686 2827 1801 2869 quae
1823 2829 1914 2857 non
1946 2817 2040 2856 tam

341 2883 410 2924 ius
429 2883 648 2936 continet,
670 2898 804 2938 quam
823 2883 1075 2926 Historiam
1095 2884 1321 2940 quandam
1342 2884 1434 2926 iam
1456 2884 1562 2926 inde
1582 2900 1609 2927 a
1628 2889 1829 2942 tempore
1850 2885 2042 2941 Aposto-

340 2953 488 2996 lorum
521 2953 773 2996 deductam.

489 3107 498 3126 ¹
532 3106 735 3142 Geistliehe
762 3107 895 3144 orden.
