2148 3402
652 202 695 239 R.
721 208 766 239 st.
784 202 885 238 1586.
925 199 1068 237 Classis
1095 200 1202 236 Hum.
1701 187 1784 231 193

76 330 173 366 tum
205 328 397 380 oportet,
430 324 716 379 profecerunt
739 321 886 365 Pueri,
921 320 975 361 ad
995 320 1180 361 classem
1204 319 1518 361 Humanitatis
1539 320 1785 360 ascendant

75 394 245 450 stylum
279 394 475 448 aliquem
509 393 846 436 conformaturi.
880 397 1016 447 atque
1049 390 1148 431 ideo
1187 406 1243 432 ne
1283 390 1533 431 obruantur
1564 390 1784 431 varietate

77 465 336 516 lectionum,
370 464 559 506 audiant
590 464 683 504 fere
717 463 920 505 Tullium
961 462 1014 503 de
1050 461 1242 516 Officijs,
1286 461 1357 502 vel
1400 460 1509 516 quid
1547 460 1704 513 simile,
1739 466 1783 501 et

75 551 130 577 ex
162 535 314 577 Poetis
346 535 609 589 Virgilium,
642 534 779 589 idque
812 533 970 590 primis
1003 533 1112 574 anni
1144 532 1397 574 mensibus:
1439 531 1640 586 reliquus
1672 546 1782 587 pene

76 621 220 648 annus
253 610 546 647 consumatur
585 610 708 647 totus
748 605 797 646 in
841 604 1030 659 legenda
1062 605 1307 645 Rhetorica
1341 605 1399 645 M.
1434 602 1572 657 Tullij
1613 608 1658 643 et
1689 603 1784 644 eius

76 677 371 719 orationibus,
435 676 536 726 Qua
568 677 616 717 in
647 691 694 717 re
727 680 983 732 postquam,
1019 680 1239 731 quantum
1261 689 1437 716 necesse
1461 674 1563 728 fuit,
1596 689 1640 714 se
1663 688 1784 715 exer-

76 753 276 801 cuerunt,
299 752 653 804 promoueantur
671 747 729 788 ad
752 747 935 788 classem
955 747 1239 799 Rhetoricae,
1263 746 1342 787 vbi
1365 745 1521 787 eadem
1543 750 1783 802 praecepta

76 819 197 872 artis,
231 819 307 860 sed
339 834 393 860 ex
426 818 527 874 alijs
558 818 686 859 libris
718 817 907 859 audiant
939 832 1040 858 cum
1073 816 1378 870 Orationibus,
1412 821 1455 857 et
1487 820 1701 858 maneant
1734 816 1781 857 in

76 889 241 931 scholis
274 888 473 944 quinque
494 888 639 930 horas.
689 889 744 929 In
765 887 919 929 eadem
943 888 1079 929 etiam
1097 887 1370 929 Rhetoricae
1403 887 1543 928 classe
1574 886 1782 927 tradatur

74 960 166 1002 illis
189 964 394 1002 autorum
418 960 629 1011 varietas,
662 964 714 1002 vt
734 960 992 1013 Poetarum,
1011 959 1333 1011 Historiarum,
1357 958 1780 1014 Philosophicorum

75 1032 292 1073 librorum
323 1033 384 1073 M.
417 1031 570 1086 Tullij.
623 1031 875 1086 Postquam
895 1031 1014 1072 enim
1036 1030 1373 1087 aliquantulum
1397 1029 1781 1071 confirmauerunt

75 1103 163 1144 sibi
194 1103 367 1158 stylum
406 1103 454 1143 in
496 1102 634 1144 classe
666 1102 1004 1156 Humanitatis,
1043 1102 1194 1143 minus
1235 1101 1426 1158 periculi
1470 1106 1557 1154 est,
1595 1115 1651 1142 ne
1690 1100 1781 1142 illis

75 1179 236 1216 noceat
267 1173 376 1215 haec
406 1173 603 1215 varietas
623 1173 882 1228 lectionum,
916 1189 1026 1230 quas
1048 1174 1097 1215 in
1118 1174 1256 1215 classe
1276 1172 1548 1214 Rhetoricae
1572 1173 1779 1216 audiunt.

76 1246 195 1295 Quin
229 1245 368 1287 etiam
400 1244 661 1287 exercitatio
702 1245 750 1286 in
791 1245 995 1287 versibus
1033 1245 1180 1300 magis
1220 1244 1312 1285 fere
1346 1244 1612 1300 quotidiana
1642 1244 1701 1285 sit
1732 1244 1781 1286 111

74 1318 213 1359 classe
246 1317 530 1372 Rhetoricae,
563 1331 700 1372 quam
733 1316 1060 1370 Humanitatis,
1094 1316 1201 1357 licet
1231 1315 1473 1371 vtrobique
1505 1315 1782 1357 declametur

73 1388 164 1430 fere
195 1388 458 1444 aequaliter,
491 1388 567 1429 sed
600 1403 700 1430 cum
725 1387 884 1443 majori
910 1387 1196 1429 incommodo
1220 1386 1429 1442 Magistri
1450 1387 1780 1442 Humanitatis,

76 1459 155 1514 qui
194 1459 329 1501 debet
362 1459 495 1500 rudes
528 1459 740 1515 expolire,
773 1473 884 1514 quos
916 1458 1138 1514 expolitos
1170 1456 1336 1514 accipit
1367 1458 1637 1500 Rhetoricae
1669 1459 1779 1500 Pro-

75 1530 228 1575 fessor.
291 1531 421 1572 Alter
467 1530 626 1572 modus
673 1535 741 1571 est
789 1529 880 1571 fere
926 1529 1199 1571 huiusmodi.
1262 1529 1580 1571 Humanitatis
1626 1530 1780 1572 classis

73 1608 331 1659 comparata
373 1602 556 1645 videtur
595 1602 651 1643 ad
693 1602 803 1655 duo,
842 1601 1047 1642 Primum
1087 1600 1143 1642 ad
1182 1600 1483 1657 multiplicem
1523 1606 1568 1642 et
1606 1602 1778 1644 variam

75 1672 373 1714 eruditionem
395 1687 450 1713 ex
471 1672 637 1725 Poetis,
659 1672 874 1726 historiis,
907 1672 1120 1729 morijbus
1152 1673 1372 1728 gentium,
1393 1672 1775 1729 Apophtegmatis
1797 1701 1822 1723 ρ.
1836 1692 1899 1717 ms.

75 1743 193 1800 [sic],
231 1743 439 1798 Adagiis,
483 1743 644 1785 morali
684 1743 980 1800 Philosophia
1017 1744 1078 1785 M.
1120 1742 1258 1799 Tullij
1292 1748 1374 1787 etc.
1439 1744 1681 1786 Secund0÷³
1724 1745 1781 1786 ad

73 1815 244 1870 stylum
267 1814 640 1856 conformandum
671 1814 719 1855 in
753 1829 884 1871 prosa
904 1818 949 1855 et
973 1814 1021 1855 in
1045 1829 1193 1868 versu,
1220 1814 1464 1856 dummodo
1496 1815 1544 1856 in
1566 1815 1654 1857 fine
1677 1816 1786 1857 anni

73 1886 278 1927 tradatur
295 1886 611 1943 compendium
637 1886 906 1928 Rhetoricae
931 1901 985 1927 ex
1010 1885 1241 1942 Cypriano
1272 1901 1372 1927 cum
1399 1886 1553 1942 aliqua
1579 1886 1784 1929 faciliore

77 1956 296 1998 Oratione
319 1958 379 1999 M.
395 1957 548 2013 Tullij.
597 1957 718 1998 Huic
736 1957 868 1998 modo
891 1957 1049 1999 fauent
1066 1958 1427 2000 Constitutiones
1446 1961 1486 2002 4.
1506 1959 1555 2000 P.
1581 1960 1688 2016 Gap.
1711 1963 1778 2003 12.

74 2028 128 2069 A.
161 2028 209 2069 in
240 2028 569 2070 Declaratione.
627 2029 748 2085 „Sub
782 2029 939 2083 literis,
973 2028 1202 2084 inquiunt,
1225 2029 1584 2071 Humanioribus
1602 2035 1782 2086 praeter

77 2099 431 2141 Grammaticam
463 2099 761 2155 intelligatur,
794 2100 913 2155 quod
938 2101 995 2142 ad
1013 2101 1319 2155 Rhetoricam,
1353 2101 1529 2143 Poesim
1564 2106 1607 2142 et
1627 2103 1782 2143 Histo-

74 2170 188 2212 riam
229 2171 464 2226 pertinet.“
531 2171 705 2213 Deinde
739 2172 848 2228 Cap.
888 2175 951 2216 13.
987 2173 1039 2214 B.
1074 2172 1272 2228 quinque
1316 2173 1477 2214 classes
1516 2173 1779 2227 instituunt,

77 2247 120 2282 et
151 2242 295 2284 tribus
328 2242 509 2298 quidem
542 2242 801 2284 attribuunt
833 2244 1204 2298 Grammaticam,
1237 2243 1318 2286 vni
1341 2249 1386 2284 et
1407 2259 1641 2300 supremae
1658 2244 1779 2286 Rhe-

76 2314 283 2367 toricam,
325 2313 556 2370 proximae
595 2328 700 2356 vero
733 2314 1095 2356 Humanitatem.
1160 2316 1259 2366 Quo
1292 2315 1390 2356 1000
1423 2330 1524 2356 011111
1557 2316 1780 2357 Humani—

78 2388 215 2425 tatem
251 2384 512 2426 diuisissent
543 2384 591 2426 in
624 2385 996 2441 Grammaticam,
1030 2386 1296 2441 Historiam,
1329 2386 1510 2428 Possim
1543 2391 1588 2427 et
1611 2386 1783 2428 Rheto-

77 2455 230 2510 ricam,
264 2460 308 2497 et
340 2471 441 2497 cum
475 2457 832 2498 Grammaticam
871 2462 916 2498 et
956 2457 1249 2499 Rhetoricam
1291 2458 1339 2499 in
1378 2457 1583 2514 proprias
1617 2458 1779 2499 classes

78 2532 400 2582 segregassent,
423 2543 696 2583 consequens
718 2533 796 2581 est,
822 2528 950 2569 classi
974 2529 1287 2570 Humanitatis
1307 2529 1502 2584 relinqui
1525 2529 1776 2571 Historiam

80 2602 124 2639 et
156 2598 346 2640 Po'esim.
408 2599 481 2640 Ad
521 2600 630 2641 haec
673 2615 769 2641 eam
809 2614 902 2640 rem
945 2600 1009 2641 sic
1046 2600 1391 2655 intelligendam
1427 2615 1542 2655 esse,
1581 2600 1779 2642 ostendit

80 2669 266 2725 antiqua
297 2670 573 2712 consuetudo
606 2671 797 2725 Collegii
830 2671 1045 2725 Romani,
1086 2671 1396 2725 MessanensiS,
1430 2671 1777 2712 Panhormitani

80 2744 124 2780 et
153 2740 412 2782 huiusmodi
445 2741 649 2795 aliorum,
682 2757 796 2797 quae
828 2743 1017 2798 ipsemet
1048 2743 1098 2784 P.
1122 2742 1332 2797 Ignatius
1355 2741 1581 2787 fundauit.
1636 2743 1780 2783 Fauet

81 2816 124 2852 et
155 2811 259 2854 huic
291 2812 605 2853 consuetudini
636 2813 766 2854 ratio.
818 2813 958 2855 Aliud
991 2818 1057 2854 est
1088 2814 1208 2855 enim
1242 2813 1436 2855 Latinus
1457 2813 1617 2869 stylus,
1653 2813 1779 2854 aliud

83 2883 225 2937 stylus
247 2883 481 2925 Oratorius
513 2888 558 2924 et
588 2898 697 2939 pure
720 2884 977 2926 Tullianus:
1011 2885 1234 2940 posterior
1254 2885 1436 2941 quidem
1454 2900 1508 2926 ex
1530 2886 1589 2926 M.
1612 2884 1775 2935 Tullio,

83 2954 341 3008 praesertim
372 2970 425 2995 ex
459 2954 584 2995 libris
622 2955 878 2996 Rhetoricis
910 2960 956 2996 et
990 2955 1296 3009 Orationibus,
1329 2955 1549 3011 petendus
1581 2954 1775 3007 videtur,

83 3024 202 3079 prior
239 3040 343 3067 vero
383 3040 437 3066 ex
478 3025 579 3066 aliis
619 3026 753 3068 etiam
793 3026 1062 3080 Autorilms,
1106 3027 1259 3081 quales
1298 3027 1514 3080 leguntur
1554 3024 1602 3065 in
1640 3024 1778 3064 classe

85 3094 407 3138 Humanitatis.
461 3097 574 3138 Cum
606 3111 712 3138 vero
745 3097 878 3138 altior
904 3097 963 3138 sit
986 3097 1222 3138 Oratorius
1255 3097 1413 3152 stylus,
1447 3110 1582 3150 quam
1610 3094 1780 3136 latinus

157 3171 338 3197 Monumeuta
356 3173 528 3198 Germaniae
550 3173 744 3204 Pnedugogica
767 3174 786 3198 V
1523 3178 1566 3210 13
