2153 3467
24 1668 39 1687 δ’,

36 2118 62 2141 ἰιι

44 1664 198 1695 miptiouis
227 1670 269 1686 ‹01

45 2081 277 2105 Exercitationes

67 2123 110 2142 ter
131 2126 189 2141 cori
200 2119 261 2148 igen

120 2156 198 2178 duni.

305 185 393 226 418
486 194 597 229 Ratio
624 194 826 229 studiorum
852 197 890 229 et
913 193 1169 230 institutiones
1195 183 1436 231 scholasticae
1462 195 1661 232 Societatis
1689 188 1778 232 Jesu
1804 191 1843 233 Ii

445 312 531 354 Die
561 312 813 355 vacationis
845 313 990 370 prima
1021 312 1131 355 hora
1163 313 1377 355 recitetur
1398 314 1654 356 memoriter
1675 315 1794 371 quod
1826 317 2032 372 proxima

304 383 540 426 vacatione
571 384 841 440 praelectum
875 389 954 438 est,
988 388 1032 425 et
1062 383 1350 440 scriptioneS,
1389 399 1502 439 quae
1543 391 1794 442 supersunt,
1824 386 1878 428 de
1911 402 2032 430 more

304 455 601 509 corrigantur.
640 481 687 485 —
724 454 929 497 Secunda
966 454 1076 496 hora
1115 454 1286 508 aliquid
1319 454 1694 510 epigrammatum
1727 461 1807 498 aut
1837 457 2024 500 odarum

304 531 382 567 aut
421 526 687 581 elegiarum,
727 525 821 567 sive
862 525 1033 581 aliquid
1073 539 1127 566 ex
1165 524 1281 565 libro
1322 527 1361 567 3.
1403 526 1621 582 Cypriani
1661 528 1794 583 (1832
1828 542 1913 570 om.
1952 543 2031 585 „ex

303 596 332 637 l.
367 599 405 638 3.
442 597 537 651 C.⁴‘)
571 596 624 638 de
656 596 811 653 tropis,
845 596 897 637 de
929 595 1087 650 figuris
1119 599 1162 636 et
1187 595 1424 652 praecipue
1457 596 1510 638 de
1541 612 1728 639 numero
1761 613 1812 640 ac
1841 598 2033 655 pedibus

304 667 532 721 oratoriis,
565 672 617 709 ut
649 667 703 708 iis
735 667 867 709 initio
900 666 1008 709 anni
1040 670 1320 719 assuescant,
1361 666 1456 708 sive
1489 666 1613 709 chria
1645 667 1796 724 aliqua
1827 673 1906 711 aut
1935 684 2035 726 pro-

303 753 575 794 gymnasma
607 738 855 795 explicetur
885 737 1212 792 recolaturque:
1246 736 1340 780 sive
1374 737 1567 793 denique
1599 743 1892 784 concertetur.

444 809 529 850 Die
560 808 737 850 sabbati
774 823 906 850 mane
944 807 1092 864 prima
1133 808 1244 849 hora
1275 807 1456 864 publice
1493 809 1740 851 recitentur
1777 810 2034 852 memoriter

302 879 446 921 totius
470 879 775 921 hebdomadae
802 879 1142 936 praelectiones3
1171 879 1282 920 hora
1313 879 1507 921 secunda
1538 880 1805 923 recolantur.
1857 880 2034 924 Ultima

303 951 524 993 semihora
557 956 635 992 aut
656 950 876 992 habeatur
897 950 952 992 ab
975 950 1125 1006 aliquo
1149 949 1470 1006 discipulorum
1508 950 1774 993 declamatio
1806 951 1878 993 vel
1909 965 2034 1007 prae-

304 1022 463 1070 lectiO,
505 1027 583 1064 aut
624 1021 681 1063 ad
729 1021 949 1063 Rhetores
989 1020 1236 1062 audiendos
1276 1024 1422 1075 eatur,
1466 1026 1545 1064 aut
1578 1026 1872 1065 concertetur.
1907 1047 1960 1053 —
1993 1022 2036 1064 A

302 1093 491 1149 prandio
524 1093 670 1149 prima
701 1092 924 1134 semihora
949 1091 1165 1133 reddatur
1188 1091 1448 1133 memoriter
1474 1097 1608 1149 poeta
1635 1097 1680 1134 et
1713 1093 2036 1147 Catechismus,

302 1164 522 1219 Magistro
554 1164 735 1220 scripta,
769 1165 805 1204 si
841 1178 957 1219 quae
990 1177 1070 1219 per
1102 1162 1429 1204 hebdomadam
1451 1163 1766 1220 superfuerint,
1800 1167 1844 1205 et
1865 1163 2037 1206 decuri-

304 1251 438 1277 onum
480 1240 612 1278 notas
651 1238 1015 1290 recognoscente.
1055 1261 1101 1265 —
1140 1233 1413 1288 Sesquihora
1453 1247 1729 1290 consequens
1765 1240 1926 1292 poetae
1969 1250 2033 1276 re-

303 1306 489 1348 colendo
522 1305 594 1348 vel
628 1305 763 1347 alicui
797 1305 923 1347 brevi
955 1305 1152 1361 poemati
1185 1304 1457 1361 explicando
1490 1304 1805 1362 exigendoque
1837 1310 1881 1347 et
1910 1321 2035 1361 grae-

302 1377 364 1418 cis
405 1376 560 1418 eodem
600 1376 733 1418 modo
775 1391 827 1417 ex
869 1389 1011 1431 aequo
1051 1375 1294 1418 dividatur.
1334 1401 1381 1406 —
1417 1376 1593 1419 Ultima
1631 1376 1854 1418 semihora
1884 1376 1932 1418 in
1963 1392 2035 1418 ex-

302 1447 543 1505 plicatione
575 1447 848 1490 Catechismi
888 1447 960 1490 vel
988 1446 1063 1503 pia
1097 1447 1420 1501 cohortatione,
1452 1447 1541 1489 nisi
1572 1447 1686 1490 feria
1715 1452 1844 1489 sexta
1874 1447 2035 1489 habita

302 1520 376 1573 sit,
409 1523 621 1575 ponetur,
656 1518 726 1560 sin
758 1522 923 1573 autem,
955 1517 1003 1559 in
1034 1533 1085 1560 ea
1117 1533 1162 1559 re
1193 1517 1345 1573 ferme,
1376 1518 1424 1560 in
1446 1518 1572 1575 cujus
1602 1519 1751 1561 locum
1782 1523 1881 1561 tum
1905 1519 2035 1560 Cate-

306 1589 502 1632 chismus
533 1594 816 1633 successerat.

451 1661 494 1706 33.
556 1662 611 1703 In
643 1662 884 1719 scriptione
913 1661 1177 1717 corrigenda
1207 1661 1389 1716 indicet,
1423 1661 1460 1703 si
1492 1661 1601 1717 quid
1634 1661 1782 1703 minus
1802 1660 2034 1718 proprium

308 1739 387 1776 aut
419 1734 600 1789 elegans
632 1739 712 1776 aut
742 1747 1032 1776 numerosum
1062 1733 1139 1787 sit,
1173 1733 1210 1774 si
1243 1732 1393 1774 minus
1439 1736 1558 1773 recte
1592 1732 1716 1775 locus
1748 1732 1804 1774 ad
1850 1731 2032 1773 imitan-

299 1805 405 1847 dum
426 1806 681 1861 propositus
714 1819 968 1862 expressus,
1007 1804 1045 1845 si
1077 1804 1186 1859 quid
1217 1805 1265 1845 in
1298 1803 1624 1860 orthographia
1655 1803 1842 1846 aliterve
1874 1818 2031 1860 pecca-

299 1882 397 1918 tum
430 1878 500 1918 sit.
563 1875 715 1919 Variis
754 1875 899 1917 modis
940 1875 1059 1917 idem
1094 1875 1239 1917 efferri
1268 1875 1440 1930 jubeat,
1474 1879 1526 1916 ut
1557 1874 1736 1916 dicendi
1769 1875 1943 1930 copiam
1977 1889 2032 1915 ex

299 1948 383 1989 hac
415 1948 735 1990 exercitatione
767 1947 1043 1989 condiscant.

438 2080 483 2126 4.
577 2078 957 2133 Exercitationes,
1035 2077 1143 2120 dum
1329 2077 1373 2123 4.
1467 2077 1827 2118 Exercitationes
1894 2082 2028 2119 erunt

299 2151 465 2208 scripta
498 2150 700 2206 corrigit,
733 2155 866 2193 erunt
898 2164 953 2191 ex
985 2164 1052 2204 gr.
1184 2164 1237 2191 ex
1270 2163 1337 2203 gr.

297 2274 348 2299 ex
382 2258 756 2313 praelectionibus
787 2257 969 2314 phrases
990 2271 1221 2313 excerpere
1250 2270 1410 2311 easque
1443 2255 1649 2312 pluribus
1670 2254 1815 2296 modis
1838 2254 2028 2309 variare,

300 2329 526 2371 Ciceronis
558 2329 790 2386 periodum
825 2328 1087 2370 dissolutam
1121 2340 1400 2383 componere,
1432 2340 1586 2368 versus
1609 2325 1812 2378 condere,
1846 2340 2026 2367 carmen

296 2401 429 2442 unius
460 2400 636 2455 generis
668 2400 756 2441 alio
789 2403 1056 2455 permutare,
1090 2399 1237 2439 locum
1270 2397 1468 2452 aliquem
1510 2396 1706 2451 imitari,
1748 2411 1907 2452 graece
1946 2396 2027 2451 (vel

298 2474 545 2522 cermwule)
578 2471 793 2512 seribere->¹
823 2476 868 2511 et
899 2470 988 2511 alia
1019 2469 1195 2524 generis
1226 2467 1439 2523 ejusdem.

1157 2552 1159 2612 l
1318 2551 1589 2607 Hujusmodi
1632 2554 1781 2593 autem
1812 2552 2025 2592 exercita-

1158 2619 1320 2665 ltiones
1350 2622 1446 2664 fieri
1477 2626 1690 2679 poterunt
1712 2621 1899 2663 alternis
1931 2621 2024 2663 die-

1157 2675 1274 2748 lbus,
1307 2707 1436 2735 mane
1469 2693 1566 2735 loco
1607 2692 1816 2750 publicae
1855 2706 2022 2733 correc-

1157 2753 1315 2820 {tionis
1347 2764 1419 2807 vel
1452 2778 1632 2821 vespere
1670 2762 1866 2805 secunda
1896 2763 2019 2817 hora,

1157 2821 1257 2886 laut
1300 2850 1399 2877 cum
1447 2834 1746 2892 opportunius
1791 2834 2021 2877 videbitur

1176 2907 1379 2947 consulto
1412 2906 1660 2948 Praefecto.
1713 2905 1883 2948 Saltem
1912 2919 2019 2946 vero

1174 2977 1308 3019 semel
1340 2977 1389 3019 in
1420 2976 1702 3020 hebdomada
1731 2976 1949 3017 scribetur
1970 2975 2019 3017 in

678 3096 684 3102 ,
1172 3048 1324 3090 schola
1354 3063 1431 3105 per
1462 3048 1631 3090 horam.

437 3100 446 3118 ¹
474 3109 518 3132 m.
548 3097 807 3139 „describere‘z
