2089 3381
602 143 647 178 R.
673 146 720 177 st.
748 142 848 176 1586.
886 138 1223 175 Commentariolus.
1705 126 1761 169 57

215 262 358 317 „Item
395 262 573 304 nullum
613 261 782 318 priuari
820 257 1146 301 sufficientibus
1186 256 1368 311 auxilijs
1408 255 1464 298 ad
1510 256 1760 312 salutem.“]

76 359 130 366 —-
165 334 333 376 Contra
371 348 457 388 eos,
505 332 582 389 qui
621 331 926 389 praestituunt
963 334 1130 371 certam
1168 332 1454 385 peccatorum
1494 342 1761 382 mensuram,

74 409 178 463 post
210 419 345 460 quam
376 404 545 446 tollunt
567 403 787 445 Diuinum
820 401 1056 444 auxilium.

216 476 359 531 „Item
390 474 726 533 praedestinari,
760 488 851 515 non
883 488 975 514 esse
1006 472 1055 514 in
1074 474 1226 513 nostra
1247 471 1528 527 potestate.“]
1563 494 1616 501 —-
1650 471 1765 512 Con-

72 552 142 590 tra
159 548 345 603 aliquos,
369 547 447 603 qui
463 547 510 589 id
533 546 707 598 docent,
726 543 932 600 quamuis
949 546 1117 599 negent
1133 541 1559 600 praedestinationis
1583 555 1764 583 causam

74 634 128 661 ex
167 618 310 661 nobis.
381 619 498 660 Item
545 617 635 659 alia
671 615 945 669 huiusmodi,
995 614 1049 656 de
1095 613 1258 670 quibus
1304 618 1384 655 aut
1431 611 1634 668 grauiter
1679 611 1767 653 dis·

73 690 227 747 putari
276 690 401 743 solet,
464 692 543 731 aut
590 687 782 744 turpiter
832 686 983 728 errari.
1077 684 1297 735 Quocirca
1358 684 1614 742 putandum
1675 697 1768 724 non

74 765 154 816 est,
186 761 258 818 [ijs
303 760 419 802 nihil
450 759 574 802 aliud
613 758 776 812 doceri,
824 773 958 814 quam
1000 756 1228 813 loquendi,
1277 771 1354 799 seu
1397 770 1467 798 res
1510 754 1767 812 explicandi

74 831 271 876 modum.

218 901 376 958 „Aliae
420 902 613 958 denique
656 901 800 944 nihilo
842 901 989 957 magis
1021 900 1186 956 dignae
1218 901 1349 955 etc.“]
1392 924 1443 930 —
1487 897 1741 951 Primum,!

76 973 194 1029 quod
227 973 440 1016 accidisse
472 973 640 1016 diceret
671 973 848 1029 aliquia
881 972 991 1015 haec
1021 971 1241 1029 placuisse
1267 985 1344 1013 sex
1364 970 1594 1024 Patribus,
1627 983 1652 1010 a
1674 968 1769 1024 qui-

75 1044 159 1087 bus
191 1044 433 1102 compilata
464 1048 583 1098 sunt,
615 1044 846 1086 infirmum
877 1058 955 1101 per
986 1058 1031 1085 se
1063 1045 1142 1097 est,
1182 1041 1271 1084 nisi
1304 1040 1488 1083 aliunde
1518 1040 1768 1082 roboretur.

76 1116 177 1158 Hoc
206 1116 327 1158 enim
359 1131 502 1172 genus
532 1116 841 1158 cauillationis
872 1115 922 1157 in
954 1128 1107 1158 omnes
1139 1114 1261 1169 leges
1300 1116 1345 1154 et
1383 1111 1620 1154 hominum
1661 1109 1771 1153 deli-

76 1187 328 1229 berationes
358 1192 508 1244 posset
541 1187 733 1242 intendi,
771 1187 809 1229 si
845 1186 955 1243 quid
986 1186 1170 1229 valeret.
1231 1183 1409 1227 Deinde
1447 1198 1616 1238 eorum,
1656 1197 1770 1239 quae

76 1262 180 1301 acta
211 1262 329 1314 sunt,
361 1258 559 1301 rationes
591 1259 701 1301 satis
731 1259 886 1301 firmae
916 1257 1118 1300 redditae
1149 1256 1382 1310 videntum
1425 1259 1471 1297 et
1510 1255 1592 1297 illa
1629 1253 1770 1296 fuerit

77 1329 200 1385 satis,
233 1330 354 1385 quod
386 1330 623 1372 definitum
654 1330 772 1372 nihil
804 1335 885 1386 est,
924 1328 1014 1372 nisi
1046 1327 1168 1385 quod
1209 1328 1254 1373 S.
1283 1327 1479 1370 Thomas
1518 1326 1663 1380 docet,
1695 1324 1770 1367 vel

78 1401 358 1444 communior
388 1401 718 1457 Theologorum
751 1401 917 1444 schola.
985 1401 1041 1443 In
1079 1400 1234 1442 liberis
1265 1414 1371 1443 vero
1414 1397 1671 1454 seligendiS,
1714 1395 1771 1438 ob

78 1486 233 1514 causas
266 1477 370 1516 ante
402 1478 686 1527 memoratas,
729 1488 822 1515 non
862 1477 956 1515 tam
994 1476 1197 1529 spectata
1227 1471 1317 1514 fuit
1347 1469 1562 1513 materiae
1592 1468 1771 1521 leuitas,

78 1542 135 1585 ob
166 1557 302 1599 quam
332 1544 463 1601 plura
504 1545 763 1587 debuissent
803 1544 1090 1602 opinantium
1122 1542 1323 1599 arbitrijs
1354 1540 1598 1597 indulgeri,
1636 1553 1773 1596 quam

78 1618 287 1657 autorum
317 1615 633 1672 rationumque
664 1620 911 1670 momenta;
946 1631 1060 1672 quae
1091 1630 1193 1658 cum
1225 1613 1370 1656 nihilo
1402 1612 1552 1655 minus
1584 1612 1633 1654 in
1664 1610 1774 1653 alio-

79 1700 192 1740 rum,
227 1702 361 1743 quam
393 1688 442 1729 in
464 1688 508 1730 S.
531 1687 731 1730 Thomae
750 1688 1000 1730 sententias
1021 1686 1261 1741 inclinant,
1293 1686 1343 1727 in
1363 1684 1418 1741 ijs
1440 1699 1484 1726 se
1507 1685 1552 1727 S.
1574 1683 1774 1725 Thomae

79 1757 260 1814 alligari
279 1759 523 1814 aegerrime
544 1759 712 1801 ferrent
730 1774 823 1802 non
841 1758 987 1816 pauci.
1030 1759 1145 1801 Eam
1166 1758 1223 1800 ob
1243 1773 1351 1812 rem,
1375 1757 1413 1799 si
1434 1756 1483 1798 in
1509 1755 1628 1810 vllis,
1651 1754 1701 1796 in
1719 1753 1775 1810 ijs

78 1829 362 1886 potissimum
383 1830 617 1886 sententiis
637 1830 727 1873 fuit
745 1831 982 1873 toleranda
1003 1830 1201 1872 libertas.
1238 1830 1471 1871 Postremo
1492 1826 1647 1870 testati
1669 1829 1776 1868 sunt

77 1915 170 1943 non
191 1903 327 1944 semel
359 1918 435 1944 sex
456 1903 613 1945 Patres
635 1902 854 1959 deputati,
875 1917 959 1944 nec
979 1902 1177 1944 voluisse
1199 1917 1258 1956 se,
1287 1916 1371 1942 nec
1390 1899 1589 1958 potuisse
1614 1912 1776 1955 propo-

81 1972 266 2015 sitiones
312 1988 466 2016 omnes
510 1975 585 2017 vel
633 1974 922 2028 definiendas,
976 1973 1050 2016 vel
1094 1973 1260 2015 liberas
1304 1972 1560 2027 designare:
1607 1969 1777 2012 idcirco

82 2048 236 2100 optare
256 2059 315 2099 se,
343 2049 409 2099 vt,
433 2045 471 2087 si
493 2060 607 2102 quae
629 2045 743 2088 aliae
762 2044 1023 2087 huiusmodi
1045 2048 1282 2087 occurrant
1301 2041 1638 2086 Professoribus
1662 2039 1776 2097 alijs,

79 2130 152 2157 eas
181 2120 452 2173 proponant.
500 2117 656 2173 Neque
687 2131 807 2171 vero,
840 2116 879 2158 si
910 2116 968 2158 ab
999 2116 1104 2170 illis,
1135 2116 1210 2160 vel
1241 2115 1297 2158 ab
1326 2114 1427 2171 alijs
1447 2128 1541 2156 non
1559 2116 1775 2170 poterunt

80 2186 231 2228 omnia
270 2187 600 2245 comprehendi,
644 2187 1046 2245 praetermittenda
1086 2191 1192 2229 sunt
1230 2201 1367 2243 quam
1404 2185 1616 2243 plurima,
1661 2198 1776 2240 quae

83 2257 313 2300 commode
345 2263 545 2316 possunt.
607 2260 701 2302 Nec
731 2259 852 2301 enim
882 2259 1164 2315 legislatores
1197 2257 1384 2300 definire
1422 2259 1612 2314 possunt
1649 2269 1777 2298 casus

83 2342 234 2372 omnes
264 2329 488 2385 fortuitos,
527 2346 610 2373 nec
641 2331 889 2373 medicinae
921 2334 1100 2373 autores
1130 2330 1310 2372 morbos
1341 2329 1588 2383 vniuersos,
1632 2341 1778 2383 neque

83 2400 148 2442 rei
177 2401 386 2444 nauticae
416 2402 656 2459 scriptores
694 2402 846 2445 omnia
884 2401 1106 2459 pericula;
1153 2400 1399 2458 prudenter
1437 2404 1604 2454 tamen,
1643 2413 1777 2455 quae-

83 2486 258 2528 cunque
288 2477 486 2529 potuere,
519 2473 741 2531 complexi
771 2476 890 2515 sunt.

225 2543 347 2586 Illud
378 2558 484 2587 vero
515 2560 608 2587 non
639 2544 1031 2599 dissimulandum,
1064 2558 1119 2586 ex
1146 2542 1258 2586 locis
1281 2544 1325 2587 S.
1349 2542 1550 2585 Thomae
1580 2540 1780 2584 obscuri-

84 2613 236 2656 oribus
266 2614 400 2670 longe
430 2615 560 2672 plura
590 2617 786 2673 primum
813 2615 951 2658 fuisse
977 2615 1053 2658 hic
1082 2618 1087 2671 1
1116 2616 1318 2673 exposita
1350 2629 1376 2657 a
1394 2613 1609 2656 Patribus
1640 2613 1778 2670 depu-
1820 2648 1827 2655 .
1885 2647 1892 2654 .

84 2684 208 2739 tatis,
240 2686 318 2742 qui
349 2690 502 2728 tamen
532 2692 700 2744 postea,
733 2687 892 2730 multis
922 2686 1087 2740 recisiS,
1128 2701 1273 2743 pauca
1303 2686 1540 2741 retinuere,
1584 2688 1684 2727 tum
1721 2699 1778 2726 ne

85 2755 246 2798 horum
277 2757 524 2800 multitudo
545 2758 773 2801 videretur
805 2772 1014 2800 onerosa:
1046 2762 1144 2800 tum
1177 2772 1264 2814 quo
1287 2757 1438 2800 minus
1461 2756 1516 2798 de
1537 2770 1618 2798 suo
1639 2769 1778 2813 appo-

86 2832 256 2882 nerent,
289 2828 436 2884 magis
467 2828 645 2885 integro
679 2830 724 2874 S.
745 2829 918 2872 Thoma
947 2829 1103 2871 relicto
1140 2828 1294 2871 liberis
1332 2828 1622 2884 ingeniorum
1660 2840 1779 2869 exer-

87 2896 394 2941 citationibus.
