2153 3467
62 653 140 685 Quae
160 652 268 676 exerci-

97 688 233 713 tationes.

60 1094 271 1126 Repetitiones.

68 1750 286 1781 Repetitionum

132 1786 234 1811 forma.

40 2883 208 2914 Disputatio
217 2891 283 2908 num

111 2920 213 2944 forma.

307 180 394 223 468

503 189 615 224 Ratio
643 189 845 224 studiorum
872 192 910 224 et
934 187 1191 224 institutiones
1217 187 1459 222 scholasticae
1486 187 1684 224 Societatis
1711 189 1800 224 Jesu
1825 189 1863 224 II

903 380 1119 444 Regulae
1156 378 1455 429 Academiae

625 462 1059 541 Theologorum
1105 461 1165 523 et
1207 458 1730 538 Philosophorum.

451 592 491 639 1.
554 593 702 649 Hujus
734 592 1005 635 Academiae
1037 605 1157 633 exer-

308 665 546 707 citationes
578 668 773 721 quatuor
803 663 895 705 fere
942 676 1157 718 generum

309 751 403 778 esse
435 735 601 779 solent:
637 735 930 791 quotidianae
966 734 1158 790 praelec-

309 808 487 850 tionum
497 807 801 864 repetitiones,
817 804 1157 861 disputationes,

308 878 630 936 praelectiones
661 893 740 920 seu
758 877 1059 934 problemata,
1093 890 1159 918 so-

308 950 548 992 lemniores
586 953 733 1002 actus,
775 947 941 1003 quibus
981 948 1160 989 conclu-

308 1020 453 1063 siones
485 1020 663 1077 publice
696 1019 1010 1062 defendantur.

453 1090 496 1138 2.
543 1090 852 1147 Repetitiones
883 1105 962 1147 per
1002 1090 1159 1132 horam

309 1163 487 1206 circiter
496 1162 687 1218 singulis
705 1161 828 1216 fient,
847 1161 1012 1217 quibus
1029 1161 1157 1204 scho-

308 1235 378 1276 lae
400 1234 638 1287 habentur,
662 1232 841 1287 diebus;
863 1232 919 1274 iis
941 1233 1155 1290 exceptis,

308 1306 386 1361 qui
406 1309 638 1347 menstrua
669 1303 979 1360 disputatione
1015 1304 1156 1360 impe-

307 1376 507 1420 diuntur.
540 1376 609 1418 Ea
630 1390 739 1418 vero
765 1375 875 1417 fient
896 1375 1020 1430 hora,
1046 1390 1158 1431 quae

307 1447 672 1491 commodissima
686 1446 936 1501 videbitur,
956 1446 1091 1488 modo
1108 1447 1157 1488 in

308 1519 665 1574 Quadragesima
703 1517 899 1559 liberum
928 1517 1159 1560 concionis

306 1596 497 1647 temPUS,
516 1589 676 1632 saltem
699 1589 769 1631 bis
796 1589 844 1631 in
859 1588 1158 1642 hebdomada,

308 1662 614 1718 relinquatur.

450 1746 494 1792 3.
557 1745 781 1802 Repetent
802 1744 987 1787 seorsim
1005 1745 1159 1801 singu-

303 1818 373 1860 lae
406 1817 579 1872 classes,
603 1831 695 1858 una
711 1816 984 1871 Theologiae
1007 1820 1051 1857 et
1070 1821 1159 1857 tres

303 1887 636 1944 Philosophiae,
655 1887 693 1929 si
715 1888 904 1930 totidem
922 1887 1015 1931 sint
1032 1902 1160 1944 prae-

302 1963 522 2016 ceptores:
556 1973 647 2001 uno
666 1963 745 2001 aut
762 1959 905 2001 altero
923 1958 1160 2001 Academi-

304 2045 456 2072 corum
477 2029 636 2072 audita
653 2030 891 2084 recolente,
911 2044 1001 2072 uno
1020 2030 1157 2071 etiam

303 2106 382 2144 aut
413 2101 553 2143 altero
587 2101 1028 2157 argumentantibus.
1089 2100 1157 2142 Ac

304 2173 581 2229 Theologiae
607 2172 789 2228 quidem
808 2172 1157 2229 repetitionibus

304 2244 496 2301 praeerit
512 2244 608 2301 ipse
617 2243 1156 2286 PraefectusAcademiae

305 2321 385 2357 aut
404 2315 498 2372 ejus
528 2316 689 2370 socius,
715 2319 793 2357 aut
815 2319 931 2357 certe
959 2315 1074 2357 alius
1102 2330 1155 2357 ex

302 2385 665 2442 provectioribus
712 2386 863 2442 quarti
910 2385 1000 2427 fere
1047 2386 1155 2428 anni

303 2457 544 2514 Theologis
570 2472 595 2499 a
612 2458 806 2500 Rectore
828 2456 1022 2513 Collegii
1049 2471 1154 2499 con-

304 2528 503 2570 stitutus,
544 2528 865 2585 Philosophiae
895 2543 1001 2571 vero
1033 2543 1155 2586 repe-

304 2599 546 2642 titionibus
562 2600 611 2641 in
625 2600 818 2656 singulis
835 2600 1054 2642 classibus
1072 2600 1153 2642 ali-

304 2671 405 2726 quis
422 2669 559 2712 etiam
583 2670 777 2727 praeerit
807 2685 860 2712 ex
881 2671 1047 2713 nostris
1063 2671 1155 2713 fere

304 2741 573 2798 Theologus,
597 2756 729 2796 quem
755 2741 875 2784 idem
894 2742 1064 2785 Rector
1080 2742 1154 2784 de-

305 2811 570 2868 signaverit.

447 2884 491 2930 4.
540 2883 880 2940 Disputationes
919 2888 1050 2926 erunt
1078 2887 1157 2925 aut

303 2955 450 3009 semel,
482 2954 562 2996 ubi
594 2955 725 3011 pauci
757 2961 863 2997 sunt
881 2954 1154 3009 Academici,

304 3030 395 3079 aut,
427 3026 507 3067 ubi
528 3029 633 3067 sunt
654 3025 799 3080 multi,
833 3025 903 3067 bis
924 3026 972 3067 in
989 3025 1154 3067 hebdo-

303 3097 450 3151 mada,
473 3112 532 3139 sc.
557 3096 629 3138 die
646 3096 899 3139 vacationis
917 3101 997 3139 aut
1015 3096 1151 3138 etiam

1337 589 1377 634 1.
1439 590 1587 646 Hujus
1615 591 1886 634 Academiae
1921 607 2044 634 exer-

1196 660 1435 702 citationes
1490 661 1631 703 trium
1688 662 1779 704 fere
1833 678 2045 719 generum

1196 746 1287 773 esse
1319 732 1482 774 solent:
1514 733 1838 789 praelectiones
1865 735 1937 777 vel
1959 734 2046 776 dis-

1196 803 1462 845 sertationes
1513 819 1589 846 seu
1639 805 1939 861 problemata,
1981 821 2047 847 re-

1196 874 1438 931 petitiones
1486 880 1530 917 et
1572 876 1859 919 solemniores
1906 881 2045 931 actus,

1198 945 1361 1002 quibus
1379 946 1688 988 conclusiones
1701 946 1878 1003 publice
1893 947 2045 990 defen-

1199 1017 1377 1059 dantur.

1331 1087 1375 1135 2.
1425 1094 1622 1139 (Tempus.)
1645 1089 1931 1132 Conveniant
1950 1105 2046 1131 aca-

1197 1159 1362 1202 demici
1394 1161 1530 1203 semel
1571 1164 1649 1203 aut
1687 1160 1756 1202 bis
1792 1160 1842 1202 in
1882 1160 2047 1203 hebdo-

1196 1231 1342 1286 mada,
1376 1231 1447 1273 die
1479 1236 1523 1273 et
1554 1232 1653 1273 loco
1687 1246 1712 1273 a
1733 1232 1925 1274 Rectore
1957 1233 2047 1274 col-

1194 1303 1304 1359 legii
1336 1302 1629 1359 designando.

1336 1373 1381 1420 3,
1446 1380 1757 1423 (Praelectiouum
1783 1381 1927 1427 forma.)
1990 1376 2046 1417 In

1194 1444 1592 1501 praelectionibus,
1642 1461 1757 1502 quae
1802 1446 2047 1489 communi-

1197 1531 1293 1558 ores
1308 1516 1580 1559 Academiae
1599 1516 1940 1559 exercitationes
1954 1531 2046 1559 esse

1197 1588 1384 1642 debent,
1448 1588 1611 1644 aliquis
1672 1588 2047 1631 Academicorum

1198 1659 1506 1715 quaestionem
1539 1661 1767 1715 quandam
1800 1674 1878 1702 suo
1902 1664 2045 1701 marte

1199 1731 1477 1773 elaboratam
1509 1735 1588 1773 aut
1626 1731 1913 1787 ingeniosum
1947 1745 2046 1788 pro-

1199 1802 1367 1857 blema,
1432 1802 1648 1859 expositis
1708 1803 1757 1845 in
1806 1807 2045 1858 utramque

1198 1878 1373 1930 partem
1395 1873 1760 1929 confirmatisque
1781 1872 2046 1927 rationibus,

1198 1960 1252 1986 ex
1284 1944 1498 1987 cathedra
1529 1944 1702 1987 erudite
1733 1944 2045 2002 pertractabit,

1197 2030 1287 2057 uno
1350 2020 1429 2057 aut
1481 2016 1621 2058 altero
1681 2019 2045 2071 argumentante;

1196 2087 1352 2129 licebit
1385 2086 1521 2129 etiarn
1554 2087 1714 2143 cuique
1738 2101 1868 2129 suum
1891 2101 2045 2143 expro-

1196 2173 1314 2200 mere
1320 2158 1543 2215 judicium
1556 2173 1606 2200 ac
1618 2158 2045 2213 animadversioneS,

1196 2245 1322 2286 quae,
1355 2236 1596 2287 postquam
1620 2231 1666 2271 in
1689 2234 1920 2272 conventu
1944 2244 2047 2271 exa-

1195 2301 1394 2343 minatae
1426 2316 1477 2343 ac
1497 2300 1717 2358 probatae
1740 2300 1921 2356 fuerint,
1954 2316 2045 2343 una

1195 2388 1297 2415 cum
1351 2371 1664 2414 dissertatione
1720 2372 1947 2429 praelecta
1996 2371 2043 2413 in

1195 2444 1362 2486 librum
1395 2442 1668 2485 Academiae
1699 2442 1963 2484 referentur.

1336 2515 1380 2561 4.
1445 2520 1737 2565 (Repetitionum
1764 2519 1908 2564 forma.)
1958 2515 2046 2556 Re-

1193 2587 1436 2644 petitiones
1477 2587 1748 2643 quandoque
1784 2587 1894 2629 fient
1934 2585 2042 2627 insi-

1192 2657 1363 2714 gnioris
1396 2657 1627 2713 cujusdam
1659 2657 1934 2713 quaestionis
1965 2661 2045 2700 aut

1193 2733 1414 2771 tractatus
1447 2729 1567 2786 stylo
1591 2728 1844 2786 copiosiori,
1878 2728 2042 2770 omissa

1195 2815 1252 2842 sc.
1286 2799 1579 2842 scholasticae
1600 2799 1772 2842 formae
1791 2798 2041 2853 severitate,

1195 2871 1252 2913 ad
1284 2871 1606 2913 ostendendam
1638 2870 1720 2912 sub
1740 2884 1831 2912 uno
1859 2873 2042 2926 aspectu

1194 2957 1339 2984 rerum
1369 2942 1693 2983 connexionem
1727 2945 1771 2982 et
1802 2955 2040 2996 argumen-

1193 3017 1341 3056 torum
1369 3013 1464 3057 vim
1492 3012 1652 3054 melius
1677 3010 2040 3068 dignoscendam.
