2143 3462
231 1565 259 1588 p.
274 1555 335 1580 218.

347 192 430 235 152
533 201 644 236 Ratio
671 201 875 237 studiorum
901 206 938 237 et
962 200 1217 236 institutiones
1244 200 1484 235 scholasticae
1510 199 1706 236 Societatis
1732 200 1821 236 Jesu
1845 200 1883 235 II

340 336 573 364 morumve
594 321 711 363 ratio
731 321 804 363 vel
831 320 1091 375 magisterio
1115 320 1291 376 ineptos
1314 320 1447 375 plane
1465 319 1625 376 probet
1646 319 2029 374 adolescentiores,

340 394 413 436 vel
436 409 461 435 a
483 393 777 448 Philosophia
796 392 1094 433 retardandos
1113 406 1204 433 non
1237 406 1328 432 esse
1360 391 1547 433 suadeat
1582 405 1723 446 aequo
1757 391 2030 446 grandiores.

483 467 523 509 3.
557 465 686 506 Esset
707 468 857 505 autem
880 478 1038 519 operae
1059 463 1268 518 pretium,
1290 466 1342 503 vt
1360 476 1453 503 non
1475 462 1623 504 minus
1642 462 1837 503 triennio
1862 462 2034 517 (quam-

342 537 412 580 vis
442 536 490 577 id
522 540 566 577 et
597 535 832 592 prorogari
864 538 907 575 et
940 533 1148 575 contrahi
1185 533 1326 589 possit
1358 533 1544 574 arbitrio
1575 533 1954 589 Praepositorum)
1984 532 2034 573 in

341 607 514 650 Scholis
533 606 822 648 inferioribus
839 604 1009 659 singuli
1024 608 1320 657 versarentur,
1341 603 1447 659 quia
1468 607 1562 645 tam
1584 604 1736 646 crebra
1757 620 1808 646 ac
1829 603 2036 660 frequens

342 680 690 735 Praeceptorum
721 675 914 718 mutatio
946 675 1164 732 plurimas
1196 674 1363 716 excitat
1386 675 1556 716 ciuium
1576 675 1891 730 querimonias.
1943 674 2037 730 Ipsi

343 754 493 792 autem
525 750 842 804 Praeceptores
879 761 972 787 non
1013 750 1204 802 possunt
1243 746 1441 787 breuiori
1481 751 1678 802 tempore
1714 746 1867 802 perfici
1905 746 1954 787 in
1992 761 2038 787 re

344 820 664 873 Grammatica,
697 822 752 872 et,
787 833 889 859 cum
918 817 1175 872 intelligere
1205 817 1450 873 incipiunt,
1490 832 1603 873 quae
1642 818 1733 859 sint
1769 817 1878 859 boni
1908 818 2041 858 Prae-

343 893 534 949 ceptoris
580 895 742 947 parteS,
790 893 1058 931 amouentur
1096 903 1121 929 a
1159 888 1372 930 docende.
1437 888 1558 938 Quin
1605 889 1741 930 etiam
1786 889 1824 930 si
1863 888 2039 930 modico

342 970 542 1020 tempore
574 962 723 1003 sciunt
753 976 797 1002 se
829 960 878 1002 in
908 959 965 1015 ijs
985 959 1160 1002 Scholis
1192 963 1456 1013 moraturos,
1489 959 1569 1002 vix
1592 959 1648 1001 ad
1667 960 1728 1013 id,
1763 959 1883 1014 quod
1905 974 2041 1014 agen-

345 1036 452 1078 dum
481 1038 560 1088 est,
593 1033 797 1075 animum
828 1034 1018 1087 possunt
1052 1030 1296 1086 adiungere
1329 1035 1386 1085 et,
1421 1031 1528 1072 dum
1561 1031 1648 1072 alio
1680 1034 1884 1087 spectant
1914 1035 1957 1072 et
1988 1029 2044 1072 ad

345 1108 508 1149 altiora
539 1120 584 1146 se
616 1106 894 1160 comparant,
927 1102 1036 1144 satis
1068 1117 1160 1144 esse
1191 1106 1371 1158 putant,
1404 1101 1443 1144 si
1474 1102 1790 1157 quoquomodo
1821 1101 2043 1158 impleant

344 1176 593 1235 praesentis
622 1175 836 1232 temporis
866 1173 1160 1216 functionem.

489 1252 530 1292 4.
563 1248 706 1289 Porro
739 1246 995 1302 quaesitum
1027 1249 1107 1298 est,
1141 1259 1199 1286 an
1230 1244 1440 1301 expediat
1470 1259 1562 1286 esse
1594 1244 1782 1299 aliquOS,
1818 1244 1897 1300 qui
1930 1243 1983 1298 (si
2003 1258 2047 1286 se

351 1320 409 1363 ad
440 1320 488 1362 id
520 1322 679 1375 sponte
711 1316 978 1371 obtulerint)
1012 1315 1176 1358 scholis
1214 1316 1504 1358 inferioribus
1542 1316 1812 1358 addicantur
1842 1315 2049 1373 perpetui

351 1394 680 1447 Praeceptores.
734 1388 859 1431 Vtile
892 1403 998 1429 sane
1028 1387 1076 1429 id
1106 1388 1306 1430 videtur:
1340 1388 1456 1429 Tum
1485 1387 1591 1443 quia
1622 1388 1837 1429 diuturno
1862 1387 2050 1429 docendi

351 1477 436 1506 vsu
467 1460 668 1504 euadunt
700 1458 852 1515 eximij
874 1460 1113 1513 Doctores,
1146 1463 1244 1501 tum
1270 1459 1375 1514 quia
1394 1474 1547 1501 eorum
1569 1459 1771 1516 exemplo
1793 1458 2053 1500 animantur

358 1534 521 1577 caeteri
561 1532 618 1574 ad
656 1531 743 1573 hoo
784 1545 948 1573 munus
987 1530 1194 1572 hilariter
1231 1530 1513 1588 obeunldum,
1555 1531 1714 1572 saltem
1758 1530 1815 1572 ad
1858 1534 2051 1588 tempus3

353 1612 452 1649 tum
499 1604 605 1660 quia
653 1606 720 1644 est
761 1602 942 1657 insigne
984 1602 1211 1658 quoddam
1247 1602 1520 1644 humilitatis
1557 1602 1822 1658 exemplum.
1886 1602 2054 1643 Contra

354 1691 461 1722 vero
493 1676 541 1718 id
571 1689 664 1717 non
695 1674 877 1716 videtur
895 1688 1168 1730 magnopere
1189 1674 1451 1730 optandum.
1504 1674 1620 1716 Nam
1642 1673 1875 1715 inferiores
1895 1673 2054 1714 classes

353 1745 688 1792 Grammatieae
719 1760 813 1787 non
843 1745 1053 1800 indigent
1083 1744 1215 1787 valde
1238 1744 1453 1786 diuturno
1474 1748 1686 1802 tempore,
1717 1749 1782 1799 vt,
1815 1759 1928 1800 quae
1950 1747 2056 1786 sunt

352 1820 442 1863 illis
474 1817 668 1876 propria,
703 1817 916 1858 sciantur.
980 1817 1127 1865 Quare
1159 1815 1253 1857 sine
1283 1815 1567 1858 incommodo
1600 1816 1853 1858 scholarum
1886 1816 2056 1857 seruari

352 1897 540 1950 possunt
583 1893 935 1946 Praeceptorum
973 1888 1347 1930 commutationes
1388 1892 1432 1930 et
1472 1888 1613 1942 vices,
1653 1902 1741 1943 quo
1781 1887 1962 1930 suauius
2003 1901 2054 1929 ao

353 1964 570 2007 libentius
586 1963 801 2005 toleretur
822 1961 907 2002 hoc
928 1974 1040 2001 onus
1063 1964 1109 2001 et
1138 1974 1238 2001 cum
1271 1959 1441 2001 minore
1471 1959 1749 2002 valetudinis
1772 1959 2055 2001 detrimento.

356 2037 423 2079 Ea
466 2050 572 2078 vero
612 2033 892 2091 perpetuitas
939 2031 1084 2072 sicubi
1122 2030 1337 2087 optabilis
1378 2034 1512 2086 esset,
1559 2030 1820 2072 conueniret
1861 2030 2055 2072 maxime

357 2107 574 2150 classibus
605 2102 917 2147 Humanitatis
959 2106 1003 2143 et
1044 2102 1335 2156 Rhetoricae,
1375 2116 1488 2156 quae
1526 2105 1803 2157 praestantes
1840 2100 2057 2156 quosdam

358 2181 672 2235 Praeceptores
704 2181 749 2217 et
779 2175 828 2216 in
861 2173 985 2216 omni
1016 2173 1267 2215 eruditione
1288 2176 1489 2215 versatos
1509 2177 1554 2214 et
1576 2172 1776 2214 Tulliani
1796 2172 1906 2228 styli
1924 2171 2057 2213 laude

360 2249 624 2307 conspicuos
655 2246 926 2300 desiderant,
961 2259 1074 2300 quae
1107 2259 1199 2285 non
1230 2248 1419 2300 possunt
1449 2243 1539 2285 nisi
1571 2258 1791 2285 annorum
1813 2243 2058 2285 multorum

360 2322 504 2379 spatio
526 2318 788 2376 comparari.
840 2318 1010 2359 Verum
1033 2331 1178 2371 neque
1199 2315 1246 2357 id
1268 2330 1439 2372 semper
1461 2314 1626 2357 accidit
1645 2330 1698 2356 ex
1720 2314 1861 2356 animi
1883 2318 2059 2356 senten-

360 2392 438 2447 tia,
479 2406 580 2433 oum
626 2389 902 2447 perpetuitas
944 2388 1032 2430 ista
1076 2387 1155 2442 otij
1203 2391 1337 2442 atque
1376 2386 1588 2441 ignauiae
1632 2400 1787 2427 ansam
1829 2384 2060 2427 nonnullis

361 2463 503 2521 possit
546 2462 775 2504 exhibere:
820 2463 1060 2516 postquam
1107 2458 1227 2500 enim
1273 2457 1430 2514 primis
1475 2457 1649 2512 aliquot
1692 2456 1822 2498 annis
1861 2455 2060 2511 aliquam

364 2535 449 2577 sibi
481 2533 865 2576 existimationem
903 2534 946 2572 et
987 2529 1218 2572 doctrinae
1256 2528 1516 2585 opinionem
1548 2528 1848 2582 collegerunt,
1887 2527 2061 2568 malunt

364 2605 606 2663 praeteriti,
638 2603 742 2645 licet
769 2601 948 2655 modici,
980 2600 1147 2642 laboris
1168 2600 1321 2642 fructu
1344 2614 1393 2640 ac
1414 2598 1597 2640 nomine
1628 2597 1732 2652 frui,
1765 2612 1902 2653 quam
1930 2595 2060 2638 nouis

365 2677 525 2719 confici
567 2674 809 2717 laboribus.
884 2674 1044 2728 Itaque
1085 2671 1202 2713 nihil
1254 2671 1345 2713 fere
1388 2684 1532 2711 nouae
1582 2668 1892 2725 supellectilis,
1945 2667 2060 2710 nihil

369 2746 635 2790 eruditionis
666 2749 842 2802 parant,
876 2744 953 2785 sed
985 2743 1171 2785 haerent
1202 2742 1251 2783 in
1281 2740 1438 2782 eodem
1457 2739 1562 2794 fere,
1596 2744 1641 2782 et
1665 2754 1777 2795 quae
1800 2739 2060 2792 docuerunt,

369 2819 523 2861 eadem
554 2818 659 2858 licet
693 2816 825 2857 aliter
856 2819 990 2870 atque
1023 2814 1154 2856 aliter
1190 2813 1368 2865 docent,
1410 2815 1453 2852 et
1492 2811 1613 2866 quod
1651 2810 1777 2867 peius
1815 2813 1902 2863 est,
1942 2824 1993 2851 ac
2024 2809 2063 2850 si

369 2890 583 2932 diuturno
617 2901 747 2944 opere
781 2885 1020 2941 defatigati
1052 2887 1208 2937 essent,
1240 2897 1333 2924 non
1364 2898 1489 2939 posse
1522 2897 1566 2924 se
1599 2881 1740 2936 aiunt,
1772 2881 1886 2923 sicut
1918 2884 2062 2935 antea,

369 2961 573 3002 laborare
604 2958 652 3000 in
684 2957 969 2999 auditoribus
991 2953 1266 2997 exercendis:
1301 2967 1436 3008 quare
1467 2952 1639 3008 frigent
1669 2953 1800 3008 plane
1823 2952 1986 3006 omnia,
2020 2954 2064 2992 et

371 3032 565 3073 libenter
594 3033 785 3086 poscunt
816 3027 1081 3079 adiutorem,
1113 3025 1204 3081 qui,
1238 3025 1275 3066 si
1294 3024 1506 3066 indoctus
1528 3027 1607 3078 est,
1638 3027 1770 3064 nocet
1789 3022 1958 3078 potius:
1993 3021 2064 3062 sin

375 3102 545 3156 doctuS,
578 3104 630 3143 vt
662 3098 771 3156 quid
803 3098 891 3140 duo
931 3097 980 3139 in
1018 3111 1109 3140 vno
1149 3110 1281 3153 opere
1319 3098 1613 3152 occupantur,
1647 3108 1750 3136 cum
1779 3093 1920 3150 possit
1951 3091 2065 3134 alter
