2143 3462
248 1188 275 1210 ιι.
295 1179 353 1203 179.

228 2888 255 2910 p.
282 2881 339 2905 18¹».

383 183 467 226 130
542 192 653 229 Ratio
680 191 881 230 studiorum
909 198 947 230 et
972 191 1227 232 institutiones
1255 194 1494 232 scholasticae
1520 193 1716 234 Societatis
1742 196 1832 235 Jesu
1856 197 1895 236 II

375 315 498 357 trina
529 316 787 358 Aristotelis
820 317 1043 373 sequenda
1074 320 1181 359 est.“
1215 344 1270 348 ——
1302 317 1423 358 Huic
1445 317 1775 360 Constitutioni
1805 318 1885 361 vix
1916 322 2064 375 potest

377 386 600 441 satisfieri,
650 387 739 429 nisi
781 389 937 430 Nostri
977 392 1154 430 strenue
1191 392 1408 430 conentur
1445 387 1738 430 Aristotelem
1781 389 1890 431 bene
1929 389 2064 431 inter-

373 457 558 512 pretari:
594 473 681 513 qua
702 458 750 500 in
771 474 818 500 re
838 474 929 501 non
952 461 1118 517 optime
1150 461 1368 514 audimus,
1402 459 1533 515 quod,
1565 458 1824 500 Aristotelis
1846 463 2063 501 contextu

373 527 650 583 posthabito,
682 529 728 570 in
763 530 1118 585 cogitationibus
1143 535 1187 572 et
1205 530 1403 572 inuentis
1425 529 1588 572 nostris
1608 545 1721 586 pene
1743 529 2061 574 euanescimUS.

375 598 546 648 Quodsi
577 600 678 656 plus
710 614 866 656 operae
890 600 938 642 in
958 604 1086 642 textu
1109 601 1355 643 enarrando
1377 604 1628 658 poneretur,
1661 605 1776 642 esset
1795 601 2063 642 Nostrorum

374 668 667 726 Philosophia
698 671 880 712 maioris
912 671 1032 727 apud
1064 675 1271 713 externos
1304 671 1602 725 auctoritatis,
1648 675 1692 712 et
1723 671 1868 712 tutior
1905 670 1953 713 in
1984 686 2064 727 pu-

378 739 504 781 blicis
525 740 918 797 disputationibuS,
951 746 995 783 et
1019 741 1216 796 solidior,
1249 757 1350 784 cum
1371 757 1537 797 magna
1567 756 1670 798 pars
1698 745 2064 797 argumentorum

372 825 425 851 ex
474 815 603 852 textu
649 811 950 868 depromatur.
1012 812 1179 854 Videas
1224 827 1552 868 nonnunquam
1596 813 1755 868 longas
1796 812 1887 854 texi
1932 827 2065 868 quae-

376 881 556 936 stiones,
591 882 753 937 quibus
784 887 949 937 tamen,
984 883 1021 924 si
1040 883 1153 939 uarij
1176 888 1326 925 textus
1359 884 1464 925 hinc
1484 883 1588 925 inde
1611 883 1765 924 collati
1787 883 2061 938 auferantur,

372 950 451 993 vix
493 951 663 1007 aliquid
703 952 928 994 modicum
969 954 1307 1010 superfuturum
1353 956 1431 997 sit:
1483 958 1612 996 tanta
1649 969 1756 997 vero
1796 953 2063 996 distantium

375 1025 584 1064 textuum
623 1023 961 1067 coaceruatione
1002 1039 1112 1081 opus
1149 1039 1242 1067 non
1280 1030 1405 1081 esset,
1445 1025 1483 1067 si
1513 1025 1774 1068 Aristotelis
1816 1024 2064 1067 sententiae

372 1091 464 1133 suis
496 1107 697 1148 quaeque
728 1094 838 1136 locis
869 1100 1208 1152 exponerentur,
1255 1100 1430 1138 seruato
1470 1096 1638 1138 autoris
1677 1096 1847 1151 ordine,
1892 1095 1969 1152 qui
2008 1096 2064 1138 ad

374 1162 726 1218 intelligentiam
754 1165 758 1221 Ι
786 1165 982 1208 maxime
1003 1166 1199 1221 confert3
1232 1167 1494 1209 memoriam
1516 1181 1692 1222 quoque
1712 1171 1757 1209 et
1780 1166 2064 1209 securitatem

372 1233 513 1288 affert,
547 1249 648 1276 cum
681 1236 995 1279 antecedentia
1027 1241 1072 1279 et
1101 1236 1419 1293 subsequentia
1441 1237 1682 1279 obseruata
1700 1237 1891 1291 fuerint3
1923 1252 2063 1293 secus,

370 1304 407 1345 si
439 1305 632 1360 paucula
662 1305 883 1361 quaedam
914 1307 1056 1351 verba
1086 1323 1113 1350 a
1142 1307 1314 1363 reliquo
1347 1311 1562 1351 contextu
1581 1308 1740 1350 auulsa
1758 1323 1810 1350 ac
1833 1307 1956 1350 nuda
1986 1322 2065 1365 per

371 1389 416 1416 se
446 1375 796 1432 perpendantur.
859 1378 973 1420 Eam
1006 1379 1062 1421 ad
1094 1394 1188 1421 rem
1221 1378 1420 1421 conferet
1450 1393 1542 1421 non
1571 1393 1744 1436 parum,
1776 1379 1814 1420 si
1835 1378 2064 1421 Professo-

369 1460 437 1487 res
479 1450 523 1488 et
554 1446 823 1490 Scholastici
861 1449 1010 1506 ipsum
1046 1449 1303 1493 Aristotelis
1339 1454 1514 1492 textum
1557 1449 1705 1492 ferant
1746 1449 1795 1491 in
1837 1449 2061 1493 Scholam.

370 1517 431 1558 Et
473 1517 645 1574 primo
686 1519 916 1563 Professor
957 1522 1188 1578 praelegat
1226 1522 1374 1579 prima
1412 1536 1613 1578 quaeque
1643 1521 1783 1564 verba
1813 1522 2062 1578 praesentis

369 1588 589 1644 lectionis,
637 1591 861 1648 explicata
900 1592 1094 1635 breuiter
1141 1593 1484 1635 continuatione
1531 1607 1632 1635 cum
1678 1592 2061 1650 praecedentibus.

370 1659 623 1703 Secundo
655 1663 912 1705 memoriter
942 1663 1191 1721 praesentis
1221 1668 1373 1706 textus
1405 1663 1677 1706 sententiam
1707 1662 1891 1706 indicet.
1941 1663 2060 1706 Ter-

370 1730 467 1785 tio,
510 1731 547 1772 si
578 1735 731 1775 textus
778 1734 838 1775 sit
883 1735 1018 1791 paulo
1056 1735 1320 1792 perplexior,
1369 1733 1608 1777 descendat
1639 1733 1696 1776 ad
1728 1734 1927 1790 aliquam
1958 1748 2062 1777 con-

368 1802 660 1845 structionem
697 1805 950 1861 verborum,
992 1806 1193 1862 grauiter
1224 1811 1390 1860 tamen,
1430 1810 1482 1848 vt
1513 1804 1721 1862 discipuli
1750 1804 2061 1847 Aristotelicae

368 1873 519 1929 phrasi
565 1880 881 1931 consuescant,
938 1881 984 1919 et
1031 1892 1122 1920 vna
1163 1876 1315 1933 aliqua
1360 1876 1452 1919 fere
1497 1875 1887 1933 interpretatione,
1947 1891 2060 1932 quae

370 1944 541 2000 optima
581 1945 802 2002 videatur,
843 1952 1094 2003 contentus,
1132 1963 1224 1990 non
1262 1948 1371 1990 alias
1411 1952 1638 2004 congerat.
1701 1948 1925 2003 Quarto,
1958 1962 2060 1991 oum

369 2014 532 2057 incidit
568 2020 719 2059 textus
761 2018 977 2061 celebrior
1018 2024 1062 2062 et
1101 2019 1149 2061 in
1188 2019 1573 2076 disputationibus
1613 2034 1741 2076 saepe
1780 2019 1972 2062 iactatus
2014 2022 2060 2060 et

369 2087 732 2130 accommodatus
764 2089 821 2131 ad
842 2089 990 2132 varios
1012 2105 1132 2146 Vsus,
1164 2090 1202 2132 is
1235 2090 1319 2132 erit
1350 2094 1557 2132 accurate
1586 2089 1935 2147 perpendendUS,
1967 2104 2060 2132 non

369 2157 578 2199 omnibus
628 2158 820 2214 quidem,
882 2161 959 2202 sed
1009 2161 1331 2204 illustrioribus
1382 2161 1558 2217 aliquot
1609 2160 2060 2217 interpretationibus

369 2227 521 2270 allatis
554 2233 688 2285 atque
719 2231 926 2286 excussis,
948 2236 1011 2287 vt,
1037 2247 1149 2288 quae
1182 2232 1345 2289 quibus
1378 2231 1667 2274 anteferenda
1698 2231 1768 2287 sit,
1801 2231 2059 2274 innotescat

368 2298 440 2339 vel
485 2314 537 2340 ex
586 2301 947 2344 antecedentium
994 2308 1037 2345 et
1082 2304 1452 2360 consequentium
1490 2303 1742 2357 collatione,
1786 2303 1860 2346 vel
1908 2318 1961 2345 ex
2010 2302 2059 2346 vi

371 2369 530 2411 Graeci
562 2372 789 2427 sermonis,
838 2374 911 2415 vel
959 2389 1013 2415 ex
1046 2374 1237 2417 aliorum
1268 2376 1466 2418 locorum
1513 2374 1837 2428 obseruatione,
1885 2374 1958 2417 vel
2004 2388 2057 2415 ex

368 2438 616 2495 insignium
660 2442 956 2500 interpretum
997 2446 1278 2501 auctoritate,
1324 2446 1396 2489 vel
1434 2460 1488 2487 ex
1530 2444 1759 2487 rationum
1804 2444 2056 2487 momentis,

369 2509 520 2559 Quin
532 2516 578 2553 to
610 2513 820 2556 veniatur
852 2515 910 2557 ad
943 2516 1128 2558 dubiola
1165 2516 1386 2572 quaedam
1422 2516 1515 2557 siue
1554 2515 1608 2557 de
1640 2530 1685 2557 re
1718 2515 1827 2572 ipsa,
1868 2515 1963 2558 siue
2002 2515 2058 2557 de

369 2586 517 2622 mente
549 2582 826 2627 Aristotelis:
859 2601 950 2628 non
983 2586 1233 2628 affectanda
1266 2587 1459 2643 quidem,
1492 2586 1581 2641 sed,
1613 2586 1650 2628 si
1683 2586 1809 2628 cuius
1840 2585 2057 2629 momenti

367 2652 472 2706 sint,
505 2667 596 2694 non
628 2655 889 2698 omittenda.
956 2657 1120 2699 Sexto
1160 2657 1231 2699 his
1262 2657 1454 2715 peractis
1493 2657 1759 2699 tractandae
1789 2660 1895 2699 sunt
1926 2671 2056 2713 quae-

369 2723 562 2765 stiones:
598 2739 787 2779 quarum
819 2726 987 2784 duplex
1019 2743 1161 2784 genus
1194 2728 1392 2770 accidere
1415 2728 1545 2769 solet:
1579 2743 1719 2771 vnum
1742 2742 1907 2782 earum,
1941 2741 2054 2783 quae

367 2807 447 2848 per
494 2808 537 2835 se
584 2795 641 2836 ad
682 2797 931 2853 materiam,
979 2798 1032 2840 de
1073 2813 1162 2854 qua
1194 2798 1396 2855 disputat
1426 2798 1704 2854 Aristoteles,
1751 2798 1997 2855 pertinent:
2047 2797 2051 2855 Ι

367 2878 520 2906 earum
554 2866 759 2921 alterum,
802 2883 914 2923 quae
946 2884 999 2910 ex
1039 2869 1227 2910 alicuius
1266 2869 1596 2925 propositionis,
1636 2884 1770 2925 quam
1807 2868 2055 2910 incidenter

366 2937 556 2991 protulit
578 2937 858 2992 Aristoteles,
893 2939 1122 2980 occasione
1154 2944 1412 2983 nascuntur.
1468 2941 1527 2981 Et
1560 2939 1842 2996 quaestiones
1873 2939 2052 2995 quidem

364 3006 624 3062 posterioris
656 3008 838 3063 ordinis,
872 3009 950 3050 vbi
983 3009 1177 3065 primum
1217 3014 1472 3065 occurrunt,
1517 3010 1778 3052 tractandae
1810 3009 1902 3051 fere
1934 3013 2050 3050 sunt.

366 3076 660 3126 Quaestiones
713 3094 818 3121 vero
864 3079 1024 3136 prioris
1086 3081 1262 3136 generis
1310 3081 1580 3124 differantur
1623 3096 1770 3137 Vsque
1813 3080 1871 3122 ad
1915 3080 2051 3121 finem
