2143 3462
231 742 259 764 p.
277 734 333 757 147.

233 2586 259 2610 p.
274 2578 335 2604 148.

354 164 436 205 112
522 172 632 207 Ratio
659 173 859 208 studiorum
886 178 922 208 et
948 172 1198 208 institutiones
1224 171 1467 208 scholasticae
1493 170 1684 208 Societatis
1711 172 1799 208 Jesu
1825 172 1862 207 II

350 306 507 347 nempe
539 291 708 347 primus
741 307 793 333 ex
828 296 865 336 1.
897 294 1032 347 Part,
1068 293 1179 334 alter
1210 307 1262 333 ex
1297 294 1334 335 i.
1369 294 1421 345 2.,
1454 290 1614 332 16111113
1658 305 1711 332 ex
1745 294 1783 334 2.
1817 294 1870 345 2.,
1905 305 2036 346 quar-

351 368 424 403 tus
456 377 509 403 ex
541 365 580 407 3.
614 363 756 415 Part,
803 362 1074 404 novissimus
1121 367 1270 403 autem
1303 361 1361 402 sit
1406 361 1629 416 generalis
1670 361 1725 403 de
1767 366 1865 404 tota
1896 362 2038 404 Theo-

351 433 486 487 logia,
519 448 649 488 quem
682 448 787 475 sane
818 433 1031 475 1711111111111
1063 447 1153 474 6336
1187 436 1385 488 oportet,
1423 447 1516 474 non
1553 432 1762 488 primum,
1795 448 1851 474 ne
1883 432 2039 474 statim

350 503 482 545 initio
521 508 650 545 tanta
687 519 835 545 rorum
866 503 1158 544 multitudine
1191 502 1483 558 opprimatur.
1546 502 1694 551 Quare
1734 503 1873 545 satius
1914 502 2039 546 vide-

353 580 437 628 tur,
470 580 522 616 ut
555 575 846 627 Theologiam
885 573 1082 630 primum
1119 587 1197 628 per
1240 576 1389 628 partes
1427 573 1685 629 expendant
1732 589 1783 616 ac
1828 577 2040 615 tueantur

352 645 600 699 candidati,
648 645 829 697 deinde,
868 648 1047 685 strenue
1086 643 1322 685 exercitati
1359 643 1408 684 in
1446 643 1669 699 partibus,
1717 643 2042 700 aggrediantur

356 716 636 773 vniuerflssm.
700 715 931 756 Generalis
972 719 1096 755 661113
1142 718 1290 756 16111111
1332 714 1596 756 Scholarum
1639 718 1815 771 tempus
1858 718 2042 772 occupet

352 803 482 829 mane
512 793 555 828 et
585 787 796 842 Vespere:
830 785 1123 841 particulares
1157 799 1262 827 Vero
1295 785 1369 827 vel
1401 785 1638 826 matutinis
1669 786 1744 828 vel
1775 784 2042 842 pomeridia-

351 859 420 899 nis
455 858 626 900 duabus
658 857 779 898 horis
811 860 854 897 et
887 855 1075 897 dimidia
1107 855 1310 897 contenti
1331 856 1434 897 sint.
1475 857 1661 898 Constet
1692 871 1798 899 vero
1815 857 1892 898 ille
1913 856 2042 912 quin-

352 929 571 984 quaginta
604 927 781 968 circiter
803 926 1180 981 conclusionibus,
1212 927 1291 967 isti
1310 931 1462 968 autem
1484 926 1575 968 fere
1597 927 1867 982 quindecim.
1901 927 2041 969 Porro

353 1006 476 1041 actus
505 997 884 1054 Philosophorum
923 997 1011 1039 duo
1045 997 1149 1051 sint,
1183 1001 1228 1039 et
1258 997 1380 1053 prior
1409 998 1591 1053 quidem
1621 998 1920 1055 particularis,
1952 997 2039 1040 661-

351 1070 478 1112 166113
510 1085 561 1110 ex
594 1068 807 1111 vniuersa
838 1067 1131 1124 Philosophia
1163 1068 1418 1124 quindecim
1452 1068 1627 1111 circiter
1659 1069 2041 1112 conclusionibus:

350 1142 462 1183 alter
493 1140 715 1196 generalis
748 1144 792 1181 et
822 1139 996 1196 plenior
1027 1154 1081 1181 ex
1112 1139 1331 1181 Thesibus
1364 1139 1700 1196 quinquaginta
1731 1140 1837 1182 fere.
1899 1139 1955 1181 In
1986 1138 2042 1196 ijs

351 1227 454 1255 vero
502 1211 676 1253 actibus
722 1215 903 1252 tantum
948 1210 1119 1265 Nostri,
1167 1210 1245 1266 qui
1295 1210 1505 1266 Magistri
1547 1225 1623 1253 seu
1661 1211 1879 1253 Doctores
1923 1213 2040 1264 sunt,

351 1288 541 1325 vtantur
578 1281 821 1338 Epomide,
868 1281 948 1324 vbi
993 1282 1087 1323 eius
1131 1296 1236 1323 vsus
1282 1280 1441 1323 fuerit:
1489 1281 1646 1337 Neque
1690 1296 1797 1324 vero
1845 1280 2042 1338 promoti

351 1368 504 1396 omnes
545 1367 595 1394 ea
635 1356 825 1395 vtantur
872 1352 950 1394 sed
986 1352 1132 1394 solum
1163 1351 1483 1409 Philosophiae
1514 1353 1794 1395 Professores
1832 1356 1876 1394 et
1908 1367 2041 1408 argu-

351 1423 613 1478 mentaturi,
647 1423 705 1466 ad
736 1422 952 1465 tuendam
975 1423 1248 1465 Academiae
1271 1423 1604 1478 auctoritatem,
1636 1438 1718 1465 nec
1737 1422 1826 1464 nisi
1847 1422 2043 1480 promoti

351 1499 737 1550 argumententur,
770 1494 850 1537 vbi
882 1509 1034 1536 eorum
1066 1494 1174 1536 satis
1205 1509 1397 1550 magnus
1428 1493 1630 1550 suppetit
1659 1508 1886 1536 numerus.
1928 1492 2043 1535 Doc-

349 1566 524 1608 toribus
556 1570 600 1608 et
632 1565 964 1608 Professoribus
996 1565 1270 1621 Theologiae
1317 1565 1604 1621 assignentur
1643 1564 1742 1607 loca
1773 1563 1986 1607 distincta
2018 1578 2044 1605 a

349 1637 622 1680 Doctoribus
652 1636 1076 1693 Professoribusque
1108 1636 1439 1693 Philosophiae,
1480 1650 1581 1678 cum
1613 1635 1670 1678 ad
1717 1639 1843 1678 actus
1883 1648 2044 1677 conue-

351 1708 498 1750 niunt.
560 1709 684 1750 111161
722 1707 804 1749 1163
841 1722 962 1762 17616,
1002 1707 1080 1763 qui
1116 1711 1220 1749 actu
1259 1707 1438 1762 docent,
1485 1706 1757 1764 praecedant
1789 1705 1915 1760 alios,
1964 1704 2042 1761 qui

352 1784 457 1822 actu
487 1794 579 1821 non
612 1779 786 1821 docent.
851 1778 1028 1820 Caeteri
1060 1793 1213 1820 omnes
1244 1777 1534 1834 Philosophi*
1564 1778 1658 1821 sive
1695 1775 1911 1835 promoti,
1949 1775 2044 1819 sive

350 1866 442 1893 non
474 1850 669 1908 promoti
700 1849 931 1904 intersint,
964 1853 1008 1891 et
1038 1849 1166 1891 nullo
1198 1848 1354 1891 ordine
1386 1848 1569 1891 sedeant
1600 1848 1718 1890 inter
1749 1847 1859 1890 alios
1870 1846 1905 1902 ff
1941 1845 2043 1889 uni-

350 1936 500 1964 versos
533 1926 683 1963 autem
700 1921 867 1963 Rector
898 1925 943 1962 et
974 1919 1268 1962 concellarius
1288 1919 1571 1975 antecedant,
1603 1918 1860 1962 Praefectus
1893 1920 2043 1960 autem

352 2007 439 2046 663,
473 2006 664 2048 quorum
695 1996 760 2033 est
790 1990 1088 2036 Praefectus*

493 2064 533 2107 ἴ).
567 2064 677 2105 Post
709 2062 956 2118 quemlibet
987 2066 1157 2116 actum,
1197 2061 1276 2118 qui
1306 2059 1597 2104 examinandi
1627 2075 1792 2103 munus
1823 2062 2044 2113 exercent,

350 2134 470 2176 inter
501 2149 546 2175 se
578 2133 839 2188 deliberent,
873 2148 930 2175 an
959 2137 1005 2175 et
1035 2133 1260 2189 quomodo
1287 2131 1666 2190 progrediendum
1696 2131 1756 2173 sit
1781 2131 1831 2173 in
1853 2129 2043 2172 actibus.

351 2205 469 2247 Nam
507 2207 557 2246 in
597 2205 747 2260 aliquo
788 2208 892 2246 actu
933 2204 1202 2246 candidatus
1246 2204 1283 2246 si
1321 2204 1472 2261 inepte
1503 2202 1748 2246 admodum
1780 2216 1825 2243 se
1855 2206 2042 2257 gereret,

350 2276 656 2318 numerandus
687 2290 780 2317 non
812 2280 927 2317 esset
962 2274 1080 2317 inter
1117 2279 1244 2317 actus
1280 2273 1564 2328 necessarios,
1606 2272 1684 2315 sed
1722 2286 1802 2330 pro
1847 2286 1898 2314 eo
1930 2271 2045 2313 alter

351 2346 582 2389 obeundus
614 2347 750 2389 foret:
784 2346 853 2387 sin
883 2360 976 2387 non
1005 2360 1145 2401 vsque
1167 2345 1277 2388 adeo
1297 2345 1479 2388 indocte
1498 2343 1782 2401 responderet
1803 2343 1872 2399 (vt
1893 2342 2047 2398 aliqua

352 2412 698 2459 existimationis
731 2417 825 2459 eius
855 2416 1075 2459 habeatur
1104 2416 1249 2471 ratio),
1289 2431 1381 2459 non
1411 2417 1599 2458 iteretur
1628 2414 1749 2457 idem
1788 2417 1927 2468 actus,
1967 2411 2045 2454 sed

354 2489 468 2530 alter
499 2488 679 2544 longius
711 2488 957 2542 differatur,
991 2487 1132 2530 donec
1155 2487 1418 2543 diligentius
1440 2485 1677 2541 studuerit,
1709 2485 1965 2540 inseratque
1994 2482 2045 2525 in

357 2563 461 2601 actu
500 2559 703 2614 sequenti
741 2557 1027 2617 difficiliolres
1074 2558 1247 2614 aliquas
1286 2558 1448 2600 Theses
1486 2571 1541 2599 ex
1570 2557 1731 2613 priore.
1793 2555 1907 2598 Cum
1937 2568 2043 2597 vero

352 2631 401 2672 in
434 2634 537 2672 actu
568 2630 637 2672 sui
669 2630 906 2686 specimen,
939 2629 1060 2686 quod
1083 2633 1271 2686 oportet,
1302 2627 1511 2685 praebuit
1541 2626 1821 2681 candidatus,
1854 2625 1913 2668 ad
1933 2624 2045 2667 alios

353 2701 621 2743 admittatur
653 2705 698 2742 et
730 2701 810 2742 fiat
841 2701 1183 2744 BaccalaureUS.

495 2775 535 2816 6.
571 2771 838 2814 Conferatur
870 2771 1248 2813 Baccalaureatus
1279 2783 1371 2811 non
1403 2769 1492 2811 alio
1524 2783 1630 2811 sane
1661 2767 1767 2823 ritu,
1806 2766 1894 2809 nisi
1924 2765 2045 2824 quod

354 2842 646 2886 candidatum
693 2842 783 2884 iam
829 2842 962 2883 tertio
995 2840 1267 2896 Theologiae
1308 2843 1413 2882 actu
1444 2839 1706 2882 defunctum
1738 2837 2044 2882 cancellarius

354 2915 426 2957 vel
473 2919 732 2971 praeceptum·
779 2913 956 2968 publice
1004 2911 1267 2968 pronuntiet
1298 2911 1647 2952 Baccalaureum
1678 2914 1780 2966 post
1809 2908 1915 2951 fidei
1945 2922 2045 2965 pro-

353 2985 592 3028 fessionem
626 2989 669 3025 et
702 2983 1046 3036 oratiunculam,
1079 2997 1166 3037 qua
1194 2981 1387 3037 gradum
1417 2981 1558 3023 istum
1582 2980 1790 3038 postulet.
1839 2979 1894 3021 Id
1924 2977 2043 3035 quod

354 3055 571 3113 praestari
601 3059 749 3112 posset
778 3053 1079 3110 Philosophis,
1113 3052 1204 3108 qui,
1239 3056 1340 3094 octo
1370 3051 1670 3108 Physicorum
1702 3049 1830 3091 libris
1862 3047 2043 3102 auditis,
