2084 3441
147 883 174 906 p.
190 874 248 899 102¹..

104 1870 137 1901 Q·
154 1871 177 1894 1.
192 1872 224 1893 A.
239 1871 263 1893 1.

252 2671 257 2677 .
281 2650 365 2689 (1110
372 2650 392 2675 e
399 2650 505 2689 rere,

267 162 322 203 86
466 171 574 206 Ratio
601 171 803 206 studiorum
829 177 867 206 ct
892 171 1146 208 institutiones
1171 171 1415 206 scholasticae
1439 171 1631 207 societatis
1655 173 1745 209 Jesu
1771 174 1810 209 II

266 295 438 343 natum,
480 294 524 330 et
563 290 599 330 si
641 304 666 330 a
707 289 896 331 diuersis
933 290 1013 332 fiat
1044 289 1392 343 Professoribus,
1435 305 1509 331 eos
1545 290 1602 332 ad
1640 291 1963 335 dissensionem

266 360 447 402 invitat.
495 361 768 413 Postremus,
801 376 857 402 ne
880 376 960 417 pro
984 360 1211 402 arbitratu
1234 359 1286 401 de
1308 360 1407 402 loco
1429 360 1485 401 ad
1507 361 1657 403 locum
1680 363 1964 417 quaestiones

267 435 641 487 transponantur:
674 436 772 473 tum
803 432 922 487 quia,
955 432 1061 473 licet
1088 431 1335 473 nonnullae
1363 431 1522 472 multis
1546 432 1822 474 conueniant
1839 433 1963 488 10015,

266 501 346 543 vni
379 506 534 542 tamen
565 502 874 558 potissimum:
923 508 1019 543 tum
1052 502 1159 558 (11110
1191 501 1443 543 cauendum
1476 506 1557 556 est,
1597 517 1665 557 ne,
1706 502 1790 545 hac
1821 507 1965 545 trans-

267 572 487 628 positione
529 587 752 624 concessa,
795 573 1024 614 Professor
1063 587 1179 614 vnus
1216 572 1263 613 in
1302 572 1488 614 alterius
1526 573 1716 615 inuadat
1746 578 1965 630 tanquam

268 648 467 698 segetem
507 648 551 684 et
585 657 764 697 agrum:
801 648 895 684 tum
935 643 1055 698 quia,
1096 643 1303 698 quamuis
1346 658 1398 684 ea
1428 643 1540 697 loca,
1581 644 1637 685 ad
1676 659 1788 700 quae
1819 649 1965 686 trans-

268 714 377 755 ferri
409 719 558 770 posset
579 729 668 755 vna
690 713 842 768 aliqua
863 714 1079 768 quaestio,
1108 714 1164 755 ad
1193 714 1384 755 eundem
1406 714 1629 770 pertineat
1649 715 1967 770 Professorem,

268 800 361 826 non
391 790 545 826 tamen
579 799 751 840 semper
783 784 840 825 ad
873 784 1064 826 eundem
1104 785 1196 840 ejus
1234 799 1416 826 annum.
1481 784 1652 834 Quodsi
1690 785 1826 828 liceat
1858 787 1968 828 Pro-

270 855 427 896 fessori
467 869 569 895 suas
610 855 891 910 quaestiones
931 855 985 896 de
1025 869 1144 896 anno
1179 855 1229 896 in
1268 870 1436 897 annum
1473 855 1475 912 1
1509 855 1706 911 reijcere,
1746 856 1969 899 accideret

268 940 360 968 non
381 941 495 979 raro,
529 939 602 966 eos
635 925 876 980 auditores,
910 926 988 982 qui
1021 926 1078 967 ad
1107 930 1368 981 sequentem
1398 941 1567 968 annum
1588 927 1856 983 peruenturi
1875 942 1969 970 non

269 1002 388 1051 sunt,
422 997 576 1038 dilatis
610 997 951 1052 quaestionibus
983 997 1256 1039 defraudari.
1319 997 1478 1052 Itaque
1511 997 1620 1053 quid
1649 1012 1827 1054 quoque
1850 1012 1968 1040 anno

268 1067 558 1109 tractandum
581 1068 640 1110 sit
662 1068 921 1124 vnicuique,
955 1073 1126 1111 certum
1150 1083 1242 1110 esse
1265 1072 1452 1125 oportet.
1505 1068 1592 1110 His
1617 1083 1724 1111 vero
1745 1068 1968 1124 quaestio-

268 1139 417 1192 nibus,
451 1154 565 1194 quae
598 1139 655 1180 acl
687 1139 879 1181 eundem
913 1147 957 1180 et
989 1138 1293 1181 Professorein
1327 1143 1371 1180 et
1404 1153 1573 1180 annum
1606 1143 1824 1196 spectant,
1865 1140 1971 1182 licet

269 1210 317 1250 in
351 1210 571 1265 Catalogo
612 1210 820 1266 proprius
864 1210 1090 1252 indicetur
1129 1211 1268 1264 locus,
1306 1225 1399 1252 non
1430 1210 1496 1252 ita
1529 1225 1681 1252 seuere
1713 1215 1878 1266 tamen,
1917 1215 1970 1253 vt

270 1280 392 1322 intra
435 1295 538 1322 eum
584 1296 753 1323 annum
792 1281 1030 1338 transponi
1067 1285 1310 1337 nequeant,
1359 1281 1395 1322 si
1438 1282 1672 1324 videbitur
1712 1282 1971 1324 Proiessori.

271 1351 473 1393 Tandem
505 1367 796 1408 quoscunque
829 1353 873 1394 S.
908 1353 1109 1395 Thomae
1140 1352 1384 1407 Articulos,
1419 1353 1730 1408 QuaestioneS,
1761 1352 1973 1395 materias

270 1423 592 1480 praecidendas
624 1429 704 1466 aut
738 1424 794 1466 ad
827 1424 1089 1481 Scripturae
1121 1424 1334 1465 lectorem
1365 1423 1632 1480 reijciendas
1663 1438 1757 1465 0550
1789 1423 1971 1465 demon-

272 1499 386 1535 strat
429 1494 689 1550 Catalogus,
744 1497 899 1552 plenas
956 1500 1136 1537 tantum
1184 1510 1338 1536 earum
1380 1495 1591 1552 prohibet
1634 1495 1972 1552 explicationes,

272 1581 364 1608 non
398 1566 650 1608 breuiorem
683 1566 896 1622 aliquam,
929 1566 967 1608 si
997 1567 1112 1610 velit
1143 1566 1376 1609 Professor
1408 1571 1454 1609 et
1485 1570 1630 1610 vacet.

726 1746 796 1795 Ex
835 1747 998 1796 Prima
1035 1747 1177 1796 Parte
1220 1747 1264 1796 S.
1290 1747 1520 1796 Thomae.

416 1852 521 1893 Non
559 1852 739 1894 videtur
783 1853 1107 1910 disputandum
1147 1852 1221 1894 hic
1258 1852 1312 1895 de
1345 1853 1389 1896 S.
1424 1852 1625 1895 Thomae
1657 1852 1880 1895 solutione
1919 1851 1976 1893 ad

273 1923 534 1977 secundum,
575 1924 681 1979 quia
713 1925 1032 1982 Philosophica
1064 1929 1144 1979 est,
1186 1924 1304 1966 sicut
1343 1928 1387 1965 et
1427 1923 1628 1980 quaestio
1669 1924 1723 1965 de
1762 1922 1976 1965 Potentia

273 1995 677 2037 neutia.Vt1um
718 1995 829 2037 insit
864 1996 1040 2037 11010101
1077 1996 1300 2038 naturalis
1331 1997 1561 2053 appetitus
1601 1995 1659 2037 ad
1691 1995 1859 2038 claram
1890 1993 1976 2035 Dei

274 2065 511 2120 visionem,
547 2066 684 2107 diffei
678 2071 779 2109 atur
810 2067 894 2108 in
910 2070 980 2111 2.
1005 2066 1221 2117 Quaestio
1249 2067 1358 2109 item
1382 2067 1436 2109 de
1457 2067 1723 2109 necessitate
1745 2064 1976 2107 doctrinae

275 2136 419 2177 reucle
415 2141 501 2178 tae
534 2138 794 2179 iemittatui
826 2092 895 2180 acll
916 2141 954 2182 2.
990 2142 1027 2182 2.
1061 2138 1142 2181 Vbi
1175 2139 1327 2194 agitur
1360 2139 1414 2181 de
1445 2139 1710 2180 necessitate
1741 2136 1887 2179 Fidei.

419 2207 544 2257 Quae
603 2209 833 2265 pertinent
892 2209 949 2251 ad
999 2215 1211 2251 naturam
1268 2211 1496 2264 scientiae,
1549 2214 1594 2252 et
1644 2209 1700 2251 ad
1753 2208 1976 2250 subalter-

275 2279 504 2321 nationem
538 2280 842 2335 scientiarum,
881 2295 974 2322 non
1015 2277 1419 2338 disputentur'hic,
1461 2281 1539 2323 sed
1573 2283 1886 2338 supponantur
1920 2293 1973 2321 ex

273 2349 458 2406 Logica.

417 2422 520 2464 Non
569 2427 790 2464 tractetur
835 2422 908 2464 hic
950 2423 1003 2464 (10
1050 2422 1308 2467 rationibus
1356 2425 1622 2467 formalibus
1673 2423 1982 2466 obiectorum:

276 2507 419 2547 neque
452 2508 509 2533 an
543 2495 733 2535 scientia
766 2494 824 2535 sit
855 2509 972 2535 vnus
1004 2495 1195 2552 simplex
1222 2497 1404 2539 habitus
1438 2501 1481 2538 et
1504 2496 1699 2551 qualitas
1721 2496 1770 2536 in
1790 2508 1976 2550 genere:

279 2563 388 2605 haec
448 2566 567 2606 enim
621 2565 997 2621 Philosophorum
1059 2572 1190 2611 sunt:
1250 2569 1326 2611 sed
1383 2568 1453 2609 his
1512 2568 1755 2624 suppositis
1812 2565 1979 2608 sufficit

557 2637 559 2693 ξ
601 2652 659 2678 an
702 2638 952 2692 Theologia
995 2654 1048 2681 ex
1092 2641 1244 2696 aliqua
1284 2640 1461 2682 ratione
1499 2638 1717 2695 peculiari
1756 2637 1816 2679 sit
1862 2651 1979 2679 vnus

280 2705 463 2747 habitus
497 2714 540 2748 ot
572 2723 662 2749 vna
696 2709 886 2766 simplex
921 2712 1128 2767 qualitas,

422 2779 525 2819 Non
547 2780 846 2836 disputentur,
880 2783 956 2824 sed
977 2786 1288 2840 supponantur
1320 2797 1431 2837 quae
1455 2782 1545 2823 dici
1574 2781 1719 2823 solent
1741 2781 1795 2823 de
1825 2794 1980 2837 specu-

281 2849 423 2890 latiuo
457 2856 501 2890 et
533 2851 744 2906 pr,acti00
779 2858 830 2894 vt
863 2859 970 2895 sunt
1002 2853 1286 2895 diffeientiae
1318 2852 1620 2895 scientiarum

424 2921 527 2962 Non
566 2927 619 2963 tr÷
625 2927 797 2977 ;’01·01;111,
847 2924 956 2979 quid
996 2925 1055 2966 sit
1093 2924 1317 2966 certitudo
1357 2939 1575 2977 assensus,
1623 2922 1732 2979 quid
1771 2894 1978 2976 firmitas,

285 2998 391 3050 quil¹
437 2994 618 3047 *vm-ritas,
668 2995 776 3049 (111111
824 2995 1072 3050 euidentia,
1120 3000 1164 3036 et
1212 2995 1479 3051 quotuplex,
1527 3000 1633 3036 sunt
1679 2994 1798 3035 enim
1845 2994 1982 3049 Logi-

284 3081 451 3110 corum.
