2153 3467
80 467 216 492 Publicae
237 473 322 490 exer-

122 504 284 527 citationes.

151 1037 284 1062 Praemia

156 1073 283 1104 privata.

120 1394 167 1419 Pr.
189 1394 317 1424 publica.

98 2523 309 2549 Grammaticae

115 2560 299 2584 exercitatio.

337 157 423 200 478

541 167 650 202 Ratio
677 166 881 201 studiorum
906 170 945 201 et
968 166 1226 202 institutiones
1252 166 1495 203 scholasticae
1520 168 1715 204 Societatis
1742 169 1830 205 Jesu
1859 170 1897 205 II

483 466 527 511 4.
590 465 767 508 Harum
814 465 1187 508 exercitationum

339 537 516 592 aliquas
568 537 894 593 splendidiores
941 541 1020 578 aut
1064 551 1188 592 prae-

337 608 564 662 lectiones,
595 608 958 661 declamationes,
990 607 1188 648 thesium

339 679 619 721 ‹lefensiones
671 694 828 736 operae
879 678 1074 734 pretium
1125 682 1190 719 est

338 749 604 806 praesertim
641 765 666 791 a
705 754 874 791 rectore
915 747 1189 790 Academiae

340 820 437 863 fieri
471 836 573 862 cum
596 825 817 877 apparatu
848 819 1076 861 interdum
1110 819 1191 861 ali-

345 906 435 948 quo
468 897 512 934 et
534 891 877 933 honoratiorum
906 890 1190 933 auditoruml

340 977 519 1006 corona.

483 1034 528 1080 5.
593 1033 783 1075 Privata
802 1033 1031 1076 interdum
1062 1048 1189 1090 prae-

338 1106 430 1147 mia
470 1105 631 1147 melius
673 1104 847 1160 aliquid
888 1104 1191 1146 scribentibus

339 1182 418 1219 aut
463 1176 759 1217 recitantibus
804 1179 884 1217 aut
932 1175 1191 1232 aenigmata

338 1248 709 1305 problemataque
762 1246 1042 1289 solventibus
1092 1247 1191 1289 dari

338 1323 566 1376 poterunt.

482 1390 526 1435 6.
591 1388 800 1431 Praemia
844 1388 1077 1430 interdum
1120 1402 1189 1430 so-

339 1460 558 1503 lemniora
598 1460 807 1503 omnibus
848 1460 982 1502 simul
1014 1459 1189 1502 Acade-

340 1531 470 1573 micis
502 1531 637 1574 semel
668 1531 716 1573 in
739 1545 858 1574 anno
881 1531 1095 1573 distribui
1111 1546 1190 1588 po-

340 1606 520 1657 terunt,
583 1604 678 1645 sive
732 1616 787 1644 ex
837 1601 1190 1657 contributione,

341 1673 436 1716 sive
474 1688 563 1730 qua
603 1673 751 1730 magis
789 1674 968 1716 ratione
1006 1672 1192 1716 Rectori

342 1745 536 1801 Collegii
567 1744 780 1802 placebit.

484 1815 521 1861 7.

1225 285 1334 328 dum
1375 286 1548 343 aliquid
1586 286 1641 329 de
1688 301 1767 329 suo
1799 288 1995 344 proferat
2027 293 2073 331 et

1225 357 1378 400 omnia
1408 357 1594 414 dirigat.

1368 462 1412 509 3.
1465 463 1552 506 Ter
1584 468 1663 506 aut
1695 468 1853 520 quater
1883 466 1932 508 in
1959 481 2076 509 anno

1226 534 1387 577 harum
1454 536 1831 579 exercitationum
1902 537 2077 593 aliquas

1227 606 1553 662 splendidiores
1587 622 1747 664 operae
1778 607 1975 664 pretium
2009 613 2077 650 est

1226 677 1490 733 praesertim
1535 693 1559 720 a
1607 683 1776 722 rectore
1823 678 2078 720 academiae

1227 747 1323 789 fieri
1346 763 1446 790 cum
1465 753 1686 805 apparatu
1707 749 1856 806 aliquo
1879 753 1923 791 et
1939 749 2078 791 hono-

1227 819 1448 862 ratiorum
1480 819 1741 862 auditorum
1774 834 1951 863 corona.

1370 1032 1415 1078 4.
1479 1032 1685 1086 Praemia
1723 1032 1951 1075 interdum
1989 1047 2079 1075 me-

1229 1103 1317 1145 lius
1338 1103 1615 1146 academicas
1636 1103 1980 1146 exercitationes
2002 1104 2079 1147 ob-

1229 1174 1441 1216 euntibus
1479 1174 1578 1217 dari
1615 1179 1853 1232 poterunt,
1894 1176 1989 1218 sive
2023 1190 2079 1217 ex

1230 1245 1586 1301 contributione,
1644 1246 1740 1289 sive
1791 1261 1880 1302 qua
1932 1246 2078 1302 magis

1228 1316 1405 1358 ratione
1436 1317 1621 1360 Rectori
1653 1318 1835 1373 collegii
1866 1317 2077 1375 placebit.

585 1818 669 1872 (5.)
734 1816 883 1859 Semel
918 1814 1077 1857 saltem
1109 1815 1158 1856 in
1182 1827 1301 1857 anno
1334 1813 1540 1869 (siozyulis
1562 1815 1714 1867 annis)
1746 1812 1887 1856 festus
1918 1813 2083 1870 aliquis

341 1886 509 1929 Beatae
529 1887 736 1943 Virginis
769 1888 850 1941 (vel
868 1887 1074 1941 Patroni)
1097 1885 1205 1940 dies,
1228 1898 1360 1941 quem
1383 1884 1579 1940 Collegii
1598 1885 1768 1927 Rector
1797 1884 2082 1939 constituet2,

342 1957 505 2000 celebri
537 1973 702 2015 pompa
733 1957 964 2012 orationis⁷
996 1956 1229 2014 poematis,

1262 1970 1474 1999 versuum
1514 1956 1570 1998 ad
1602 1956 1794 2012 parietes
1827 1956 2080 2011 affixorum,

344 2030 665 2073 emblematum
696 2031 805 2072 item
838 2034 883 2072 et
912 2029 1163 2085 insignium
1194 2028 1427 2072 variorum
1459 2027 1768 2070 exornabitur.

935 2313 1153 2377 Regulae
1190 2311 1488 2362 Academiae

938 2393 1497 2458 Grammaticorum.

488 2525 528 2571 1.
591 2527 863 2582 Plerumque
901 2525 1162 2568 Moderator
1209 2523 1382 2580 aliquid
1425 2522 1636 2564 selectum
1686 2537 1739 2564 ex
1780 2521 2080 2576 grammatica

348 2597 476 2653 quasi
513 2612 816 2653 p1⁴aecurrenS‚
857 2597 977 2653 quod
1008 2597 1058 2638 in
1097 2595 1250 2638 schola
1289 2599 1395 2637 sunt
1425 2593 1648 2647 habituri,
1690 2593 1757 2636 vel
1796 2607 1851 2634 ex
1898 2596 2079 2634 auctore

348 2667 549 2723 eleganti
583 2673 628 2710 et
656 2668 858 2724 jucundo
890 2669 1118 2726 praeleget
1148 2667 1222 2710 vel

347 2739 484 2781 etiam
506 2739 819 2795 repetitionem
841 2739 1053 2782 instituet
1073 2752 1194 2780 exer-
1213 2736 1217 2794 Ι

348 2809 700 2866 citationemque
1213 2801 1219 2871 Ι

1235 2736 1605 2778 exercitationem
1636 2735 1849 2777 instituet

347 2895 514 2937 eorum,
548 2895 663 2938 quae
694 2881 743 2924 in
775 2881 928 2925 schola
960 2880 1166 2939 exposita
1196 2884 1315 2922 sunt.

494 3012 505 3031 ¹
530 3023 575 3047 m.
604 3022 672 3047 om.
701 3012 804 3057 „h0n.
831 3013 938 3053 aud‚“

493 3071 507 3090 ²
530 3082 576 3106 m.
606 3071 921 3114 „determinabit.“
