2143 3462
336 201 422 243 230
515 211 627 245 Ratio
655 212 859 246 studiorum
887 216 925 245 et
950 212 1203 246 institutiones
1229 210 1472 245 scholasticae
1498 211 1692 246 Societatis
1717 213 1806 247 Jesu
1830 213 1869 247 II

477 330 544 371 De
577 329 742 371 scholis
786 329 1155 371 inferioribus
1195 328 1304 384 quid
1338 328 1517 370 dicam?
1579 328 1723 371 Omne
1756 330 1955 373 studium
1986 333 2035 374 in

334 416 385 442 eo
417 400 628 456 positum,
660 406 712 442 ut
744 415 878 456 quam
910 401 1105 457 plurima
1136 400 1261 456 pueri
1294 399 1482 454 discant,
1517 399 1693 442 discant
1716 404 1869 442 autem
1898 418 2034 458 quam

338 471 602 514 brevissimo
635 476 832 528 tempore
865 477 910 513 et
935 487 1069 527 quam
1087 472 1276 513 minimo
1293 471 1456 512 labore.
1514 471 1640 513 Belle
1672 487 1789 513 sane.
1839 473 1927 515 Sed
1949 473 2036 516 ista

337 547 429 584 tam
473 542 722 584 multarum
768 558 915 584 rerum
961 543 1393 599 disciplinarumque
1432 542 1649 597 varietas,
1697 558 1807 598 quas
1851 545 2036 587 summis

335 614 474 656 labris
506 613 742 670 attingunt
774 614 922 670 potius
955 613 1276 656 adolescentuli
1310 628 1446 669 quam
1467 613 1698 667 hauriunt,
1731 614 1845 656 illud
1866 615 2036 657 scilicet

336 685 490 739 efficit,
529 690 580 727 ut
619 685 706 727 sibi
746 684 927 741 quidem
960 685 1105 726 multa
1136 686 1247 726 scire
1280 685 1524 727 videantur
1555 689 1600 726 et
1631 685 1876 740 aliquando
1909 687 2038 728 semi-

339 757 577 799 doctorum
610 757 803 810 turbam,
837 756 1037 798 scientiis
1070 772 1209 812 aeque
1243 772 1294 798 ac
1326 756 1614 812 reipublicae,
1646 757 1683 797 si
1715 772 1804 812 qua
1836 760 1902 798 est
1934 757 2036 811 alia,

336 827 757 884 perniciosissimam
797 831 1016 881 augeant,
1065 830 1112 868 at
1152 826 1268 868 nihil
1313 842 1416 869 vere
1459 842 1511 869 ac
1550 827 1691 869 solide
1732 827 1888 869 sciant.
1960 829 2037 870 Ex

337 898 595 941 omnibus
626 897 865 952 aliquid:
900 898 955 939 in
989 902 1105 939 toto
1137 898 1297 939 nihil.
1350 899 1415 941 Ut
1436 898 1660 955 percursis
1683 899 1812 940 brevi
1834 902 2036 956 tempore

337 969 637 1011 humanitatis
657 969 858 1022 studiis,l
890 973 1040 1010 aetate
1062 969 1306 1023 tenerrimi,
1340 969 1523 1025 ingenio
1556 970 1803 1011 etiamnum
1830 970 1947 1024 rudi,
1980 970 2037 1012 ad

336 1041 604 1095 gravissima
636 1040 948 1097 philosophiae
986 1041 1355 1097 superiorumque
1397 1041 1687 1083 scientiarum
1727 1041 1879 1083 studia
1912 1057 2034 1083 acce-

338 1112 462 1166 dant,
505 1128 557 1153 ex
592 1112 756 1168 quibus
788 1127 887 1154 cum
922 1112 1215 1154 emolumenti
1246 1113 1342 1155 veri
1375 1113 1559 1170 capiant
1592 1113 1730 1154 ferme
1762 1113 1898 1167 nihil,
1939 1117 2035 1155 tum

345 1183 525 1239 majoris
557 1183 779 1225 libertatis
819 1198 904 1225 usu
936 1183 1057 1240 capti
1088 1183 1136 1225 in
1167 1184 1332 1226 vitium
1370 1184 1638 1241 praecipites
1670 1185 1924 1241 rapiuntur,
1969 1184 2038 1226 fu-

351 1255 441 1296 turi
476 1270 581 1296 mox
614 1255 829 1309 doctores,
863 1261 993 1309 certe,
1026 1259 1077 1297 ut
1108 1255 1332 1298 lenissime
1363 1256 1578 1310 dicamus,
1611 1256 1860 1298 immaturi.

480 1327 611 1377 Quod
644 1331 793 1369 autem
831 1326 1077 1368 methodi
1109 1342 1251 1382 usque
1283 1327 1509 1369 faciliores
1532 1327 1868 1383 excogitantur,
1901 1327 1967 1381 id,
2000 1327 2039 1368 si

340 1398 449 1453 quid
492 1398 655 1440 habere
696 1398 878 1440 videtur
920 1398 1168 1452 commodi,
1208 1398 1345 1440 habet
1383 1402 1501 1440 certe
1539 1402 1584 1440 et
1614 1398 1730 1440 illud
1761 1398 2038 1440 incommodi

338 1485 427 1510 non
460 1485 633 1526 parum,
668 1470 787 1526 quod
819 1470 1013 1526 primum
1048 1470 1229 1526 quidem
1262 1485 1377 1526 quae
1409 1470 1504 1511 sine
1536 1470 1687 1511 labore
1719 1474 2039 1527 comparantur

338 1540 561 1582 levissime
594 1540 731 1583 etiam
764 1540 992 1583 mentibus
1025 1541 1314 1595 adhaereant,
1347 1546 1392 1583 et
1423 1541 1551 1584 brevi
1584 1546 1786 1597 tempore
1819 1541 2042 1597 acquisita

338 1613 466 1654 brevi
499 1612 729 1655 oblivione
761 1612 1016 1667 deleantur3
1070 1613 1245 1667 deinde,
1281 1613 1401 1668 quod
1435 1612 1616 1668 quidem
1648 1611 1873 1668 gravioris
1904 1612 2041 1668 longe

338 1684 493 1726 damni
525 1688 613 1739 est,
652 1684 760 1726 licet
787 1685 977 1726 fortasse
1009 1684 1159 1726 minus
1191 1700 1217 1726 a
1248 1684 1473 1741 plerisque
1514 1684 1761 1739 cogitetur,
1803 1684 1924 1740 quod
1963 1683 2041 1725 ille

338 1756 607 1812 deperdatur
636 1755 822 1812 puerilis
851 1756 1155 1797 institutionis
1185 1757 1361 1797 fructus
1389 1755 1469 1797 vix
1497 1770 1588 1797 non
1617 1755 1901 1812 praecipuus,
1934 1759 1986 1797 ut
2014 1771 2041 1797 a

338 1826 500 1868 teneris
533 1827 663 1868 annis
695 1827 752 1869 ad
784 1827 947 1869 seriam
979 1827 1121 1869 animi
1152 1827 1503 1884 applicationem
1547 1831 1592 1868 et
1628 1827 1685 1869 ad
1716 1826 1916 1869 laborem
1949 1841 2040 1869 non

337 1898 431 1939 sine
463 1897 510 1939 vi
542 1898 694 1954 aliqua
726 1898 812 1940 sibi
843 1899 973 1940 illata
1005 1899 1292 1940 tolerandum
1324 1902 1592 1940 assuescant.
1656 1897 1786 1947 Quod
1819 1900 2040 1954 quantum

338 1969 488 2010 valeat
518 1969 565 2010 in
598 1985 777 2011 omnem
811 1970 1020 2026 deinceps
1053 1974 1248 2012 aetatem
1285 1969 1342 2011 ad
1373 1984 1538 2026 pravos
1570 1969 1710 2011 animi
1742 1972 1891 2011 motus
1922 1984 2042 2011 com-

338 2041 579 2096 pescend‹2›s
610 2047 654 2084 et
686 2042 744 2084 ad
775 2042 1093 2099 imperandum
1125 2041 1234 2096 sibi,
1274 2045 1499 2097 quotquot
1538 2041 1661 2083 fuere
1700 2041 1924 2098 sapientes
1960 2039 2040 2082 ho-

338 2112 479 2153 mines
512 2112 848 2168 intellexerunt,
881 2118 926 2155 et
958 2113 1154 2169 Spiritus
1187 2113 1383 2155 Sanctus
1414 2112 1545 2154 docet
1576 2112 1655 2154 ubi
1688 2112 1771 2154 ait:
1833 2112 2038 2168 „Bonum

339 2188 406 2225 est
424 2183 611 2239 homini,
645 2184 683 2226 si
703 2184 955 2240 portaverit
971 2184 1134 2240 jugum
1157 2184 1215 2226 ab
1234 2183 1533 2226 adolescentia
1547 2184 1667 2227 sua.“
1706 2183 1933 2238 [Thren.3,
1953 2185 2040 2239 27.]

481 2255 606 2296 Haec
637 2271 744 2311 ergo
775 2261 871 2298 tam
902 2256 1048 2298 multa
1078 2271 1170 2297 non
1201 2270 1321 2297 nova
1361 2255 1507 2310 magis
1547 2269 1682 2310 quam
1723 2254 1861 2296 noxia
1893 2269 1943 2295 ac
1974 2254 2041 2295 ni-

340 2326 480 2367 mium
528 2331 749 2381 quantum
796 2327 1023 2369 Ecclesiae
1072 2327 1224 2383 reique
1268 2326 1475 2383 publicae
1521 2325 1774 2382 perniciosa
1819 2325 2040 2381 ejusmodi

341 2401 464 2450 sunt,
510 2413 623 2453 quae
668 2414 694 2440 a
724 2399 855 2441 nobis
887 2398 1095 2455 adoptari
1126 2398 1253 2440 nullo
1285 2397 1418 2439 modo
1450 2396 1636 2453 possint,
1669 2396 1758 2438 nisi
1789 2396 1981 2438 velimus
2014 2412 2040 2438 a

340 2468 448 2522 fine,
495 2469 550 2510 ob
596 2484 728 2524 quem
770 2470 848 2512 isti
888 2469 1144 2511 scholarum
1182 2469 1358 2511 labores
1397 2484 1424 2510 a
1456 2468 1681 2510 Societate
1718 2468 2039 2526 suscipiuntur,

340 2538 471 2594 plane
519 2539 748 2583 aberrare:
801 2541 877 2597 qui
924 2555 1211 2597 nequaquam
1258 2540 1305 2581 in
1348 2540 1442 2582 sola
1480 2540 1779 2582 instructione
1816 2539 2041 2582 litteraria

340 2609 453 2651 situs
499 2615 583 2665 est,
621 2611 698 2653 sed
737 2612 810 2654 vel
849 2612 1044 2654 maxime
1082 2611 1416 2653 institutionem
1447 2610 1705 2667 juventutis
1745 2611 2040 2653 christianam

340 2680 428 2722 sibi
459 2682 736 2737 propositam
768 2683 926 2738 habet,
965 2684 1061 2724 sine
1101 2698 1190 2738 qua
1225 2682 1395 2724 scilicet
1425 2683 1693 2725 eruditionis
1725 2699 1776 2725 ac
1807 2682 2039 2725 doctrinae

341 2752 628 2807 quantamvis
667 2754 842 2810 copiam
879 2755 1077 2810 profecto
1110 2754 1211 2810 plus
1250 2753 1403 2795 damni
1435 2769 1571 2809 quam
1602 2753 1817 2796 utilitatis
1847 2754 1896 2795 in
1927 2767 2041 2794 rem-

340 2823 570 2880 publicam
603 2824 802 2867 conferre
834 2825 975 2867 tristis
1006 2825 1199 2867 nimium
1231 2825 1479 2866 multorum
1512 2840 1732 2867 annorum
1764 2823 2040 2881 experientia

341 2894 666 2951 comprobavit.

491 3001 501 3020 ¹
527 3000 596 3035 Die
622 3000 773 3035 Kiirze
798 3001 862 3035 ‹ler
889 3001 1254 3045 Gymnasialstudien
1289 3002 1338 3036 ist
1371 3001 1473 3036 nicht
1509 3001 1569 3036 ein
1596 3001 1767 3036 Vorwurf
1789 3012 1835 3036 an
1860 3001 2038 3036 Deutsch-

342 3060 437 3101 land,
465 3060 620 3095 sondern
645 3071 690 3094 an
717 3060 800 3095 eine
826 3060 960 3095 andere
980 3061 1143 3104 Gegend,
1171 3071 1236 3095 aus
1256 3061 1412 3095 welcher
1432 3060 1523 3095 noch
1543 3060 1580 3095 in
1601 3060 1669 3095 den
1689 3060 1877 3104 vierziger
1897 3060 2037 3095 ι13111611

342 3119 500 3167 gewisse
527 3121 643 3158 Leute
670 3119 762 3157 nach
789 3121 810 3155 2
837 3120 922 3156 oder
947 3120 1061 3165 3jahr.
1090 3119 1419 3163 „Lateinstussien“
1448 3120 1508 3159 die
1535 3119 1765 3158 Universitat
1789 3119 1965 3166 bezogen,
