2148 3402
622 199 666 240 R.
691 208 736 241 st.
765 206 865 241 1586.
904 204 1050 252 Lingua
1077 208 1229 246 Graeca.
1695 207 1776 251 161

80 315 421 373 disciplinarum
457 321 625 363 Graece
658 324 943 381 scripserunt,
977 330 1029 368 vt
1059 331 1185 383 patet
1206 328 1254 370 in
1274 330 1516 386 Medicina,
1550 334 1598 376 in
1621 336 1777 377 Philo-

78 387 256 442 sophia,
303 388 352 430 in
395 390 750 449 Mathematicis,
803 395 852 437 in
900 397 1084 438 Graecis
1131 398 1316 455 Biblijs,
1371 401 1419 442 in
1468 403 1681 461 Concilijs
1734 412 1779 449 et

78 457 311 514 Patribus,
355 476 547 515 quorum
586 479 739 506 veram
784 481 835 507 ac
875 481 1139 521 germanam
1177 473 1451 514 sententiam
1490 474 1568 516 vix
1601 479 1773 533 assequi

76 543 313 584 possumus
361 532 457 574 sine
505 535 701 577 Graecae
746 536 932 592 linguae
976 538 1260 596 adiumento,
1307 542 1402 599 ipse
1445 544 1593 587 adhuc
1633 562 1775 590 sermo

76 599 267 642 Latinus
300 601 484 645 Graecis
524 605 667 647 literis
704 621 797 648 non
840 623 1000 664 parum
1038 610 1229 667 indiget.
1293 614 1397 655 Non
1436 616 1557 657 enim
1588 625 1776 674 possunt

74 671 167 725 peti
207 672 297 713 nisi
329 688 383 714 ex
417 674 587 717 Graeco
621 677 746 719 fonte
786 680 1032 722 multarum
1062 697 1212 724 rerum
1244 685 1431 727 nomina
1463 691 1506 727 et
1538 690 1775 732 nominum

79 743 392 798 proprietates,
443 747 766 803 etymologiae,
816 756 1052 807 accentus,
1100 755 1331 809 quantitas
1371 758 1651 813 syllabarum
1691 767 1773 804 etc.

75 812 178 868 Ipsa
211 813 345 856 etiam
381 816 657 860 Graecorum
689 820 955 877 Poetarum,
989 829 1240 880 oratorum,
1273 827 1607 872 Historicorum
1640 832 1773 874 lectio

72 889 208 939 atque
251 885 448 928 imitatio
488 889 739 931 vberiorem
778 893 927 934 reddit
971 899 1015 935 et
1054 895 1395 952 locupletiorem
1431 900 1645 943 Latinam
1685 904 1772 945 elo-

72 956 325 1011 quentiam,
370 960 541 1014 poesim
580 966 624 1002 et
664 961 915 1006 historiam.
978 966 1174 1021 Magnae
1208 968 1353 1024 igitur
1384 978 1429 1012 et
1460 972 1632 1014 multae
1665 980 1771 1017 sunt

72 1026 350 1070 Graecarum
386 1030 641 1074 litterarum
680 1034 921 1079 vtilitates:
971 1042 1038 1092 at,
1084 1038 1173 1079 nisi
1216 1039 1450 1082 discantur
1489 1057 1515 1084 a
1545 1058 1683 1100 puero
1728 1051 1772 1088 et

70 1113 171 1140 cum
202 1100 359 1155 primis
392 1103 502 1144 adeo
525 1104 716 1147 Latinae
739 1107 1071 1150 Grammaticae
1094 1110 1343 1166 elementiS,
1377 1117 1481 1169 apte
1513 1114 1770 1159 distributis

68 1184 148 1225 pro
180 1185 366 1213 numero
399 1174 610 1217 classium
634 1176 830 1219 Graecae
853 1179 1187 1221 Grainmaticae
1208 1182 1431 1237 partibus,
1464 1184 1544 1226 Vix
1568 1200 1769 1242 anuam

69 1240 315 1284 discuntur.
385 1245 546 1301 Itaque
598 1247 745 1303 primo
794 1250 949 1291 Latini
1003 1254 1173 1293 veteres
1220 1267 1393 1309 semper
1440 1270 1539 1297 cum
1590 1258 1768 1302 Latinis

68 1311 241 1354 Graeca
263 1314 608 1372 coniunxerunt,
643 1323 687 1360 et
709 1320 967 1375 gravissimi
989 1322 1157 1377 quique
1190 1323 1280 1366 viri
1302 1325 1493 1382 no(strae
1525 1331 1767 1373 memoriae
1780 1360 1806 1382 p,
1828 1353 1890 1377 234.

67 1383 202 1424 simul
236 1389 459 1442 vtranque
490 1389 698 1445 linguam
740 1391 1000 1433 discendam
1042 1408 1134 1435 esse
1172 1395 1401 1452 sentiunt,
1449 1401 1499 1440 vt
1538 1400 1765 1458 Sigonius,

65 1453 290 1510 Muretus,
323 1458 488 1501 Petrus
521 1460 769 1516 Victorius,
804 1463 1050 1506 Manutius.
1114 1466 1168 1507 Id
1207 1473 1414 1509 seruatur
1451 1469 1499 1510 in
1531 1474 1765 1516 nonnullis

67 1524 242 1568 Galliae
266 1528 481 1585 Oollegijs
512 1536 557 1572 et
586 1532 636 1573 in
660 1533 836 1575 Scholis
864 1534 956 1576 iere
978 1536 1187 1579 omnibus
1210 1539 1493 1586 Germaniae,
1557 1543 1764 1587 Secundo

65 1597 295 1640 molestias
318 1600 591 1644 Graecorum
624 1605 984 1648 rudimentorum
1016 1609 1176 1651 melius
1207 1612 1336 1666 pueri
1359 1611 1596 1669 deuorant,
1630 1631 1763 1671 gran-

65 1666 211 1710 diores
243 1684 350 1712 Vero
381 1671 462 1714 illa
494 1674 752 1719 exhorrent:
796 1682 852 1731 et,
886 1678 922 1719 si
955 1694 1005 1720 ea
1036 1680 1165 1735 pueri
1196 1681 1480 1739 didicissent,
1514 1685 1763 1743 inciperent

62 1743 216 1794 postea
258 1741 478 1785 Graecam
523 1747 794 1789 suauitatem
835 1749 1088 1805 degustare,
1129 1757 1173 1792 et
1213 1752 1261 1793 in
1302 1769 1353 1794 ea
1385 1755 1579 1799 alacrius
1611 1774 1761 1802 versa—

60 1814 228 1853 rentur.
293 1813 462 1856 Contra
510 1831 615 1858 vero
655 1819 973 1862 Humanitatis
1020 1826 1065 1863 et
1102 1823 1374 1867 Rhetoricae
1422 1828 1649 1872 auditores
1695 1832 1761 1874 ita

59 1895 180 1923 nunc
212 1882 498 1928 afflictantur
536 1891 580 1928 et
619 1892 888 1945 torquentur
926 1893 1069 1949 spinis
1103 1895 1381 1939 Graecorum
1420 1899 1758 1958 elementorum,

58 1956 111 1993 Vt
142 1953 198 1995 ad
231 1958 509 2000 tormentum
541 1974 586 2000 se
618 1961 738 2002 trahi
770 1967 947 2018 putent,
981 1979 1082 2006 cum
1115 1967 1172 2008 ad
1193 1968 1365 2010 Graeca
1386 1971 1587 2013 Venitur:
1618 1988 1758 2029 eaque

59 2021 113 2063 de
161 2038 295 2067 causa
333 2042 661 2085 nonnunquam
701 2038 803 2089 post
830 2049 971 2076 vnum
1004 2041 1084 2078 aut
1115 2038 1306 2081 alterum
1339 2056 1509 2083 annum
1541 2045 1620 2086 vix
1652 2046 1758 2087 scri—

58 2092 177 2148 bere,
224 2097 303 2138 Vix
349 2099 497 2155 legere
545 2102 702 2145 sciant.
782 2106 911 2147 Certe
959 2109 1068 2149 satis
1114 2114 1241 2165 patet
1287 2113 1615 2170 experimento,
1665 2132 1756 2159 esse

55 2178 295 2220 puerorum
328 2170 513 2226 ingenia
544 2175 740 2216 maxime
774 2177 831 2218 ad
862 2177 1043 2233 linguas
1076 2180 1370 2223 addiscendas
1402 2188 1754 2244 accommodata,

56 2236 147 2291 qui,
180 2238 269 2280 nisi
301 2255 402 2282 cum
435 2245 577 2286 teneri
609 2252 716 2287 sunt
746 2252 790 2289 et
821 2249 1036 2291 memoria
1066 2251 1115 2292 in
1146 2253 1304 2308 primis
1335 2255 1509 2311 vigent,
1542 2257 1630 2299 ista
1657 2275 1755 2316 per-

55 2306 255 2365 discant,
292 2327 405 2367 quae
437 2316 572 2357 vnius
602 2332 716 2373 pene
747 2320 989 2362 memoriae
1021 2323 1243 2377 praesidio
1276 2326 1498 2382 nituntur,
1539 2330 1617 2371 vbi
1650 2332 1754 2373 ado-

53 2377 280 2437 leuerunt,
325 2388 369 2425 et
407 2387 624 2429 memoria
661 2389 901 2445 obduruit,
940 2393 1066 2434 nulla
1106 2395 1282 2437 ratione
1323 2398 1526 2441 animum
1565 2402 1622 2443 ad
1654 2418 1752 2445 eam

52 2464 143 2492 rem
175 2467 303 2508 posse
335 2456 537 2511 adijcere.
601 2460 753 2502 Tertio
787 2462 824 2502 si
854 2466 949 2504 tam
981 2464 1116 2505 multi
1149 2467 1259 2508 anni
1288 2468 1482 2511 Latinae
1516 2472 1751 2517 Gramma-

52 2520 170 2563 ticae
211 2524 487 2583 tribuuntur,
537 2544 616 2572 cur
652 2546 745 2573 non
783 2538 827 2574 et
866 2534 1092 2577 Graecae?
1139 2552 1253 2592 quae
1300 2544 1345 2581 et
1383 2541 1558 2596 plenior
1599 2549 1665 2586 est
1704 2551 1749 2587 et

52 2592 283 2636 obscurior
314 2601 358 2638 et
388 2600 554 2641 nostris
585 2603 823 2658 peregrina
855 2606 1022 2660 magis:
1056 2611 1100 2648 et
1124 2608 1161 2648 si
1183 2611 1387 2663 quotidie
1420 2613 1586 2655 multas
1616 2615 1749 2658 horas

52 2666 276 2708 consumit
297 2667 565 2713 Latinitatis
597 2674 882 2731 exercitatio,
917 2677 1023 2732 quia
1055 2678 1149 2720 eius
1181 2695 1287 2723 Vsus
1320 2683 1368 2724 in
1390 2687 1619 2727 communi
1650 2688 1748 2729 vita

51 2733 328 2791 frequentior
358 2744 438 2795 est,
471 2757 549 2784 cur
569 2744 767 2787 Graecae
788 2746 986 2802 linguae,
1020 2764 1134 2804 quae
1157 2751 1371 2795 Latinam
1400 2756 1533 2798 valde
1557 2758 1747 2800 adiuuat

51 2815 96 2846 et
149 2809 205 2850 ad
258 2810 471 2867 pleraque
522 2813 610 2855 alia
660 2817 794 2858 valde
848 2820 1084 2875 conducit,
1139 2823 1414 2867 semihorula
1461 2827 1745 2884 denegetur?

51 2875 222 2925 Quarto
254 2884 384 2937 turpe
414 2888 481 2924 est
510 2884 560 2925 in
579 2900 629 2926 ea
650 2902 696 2928 re
717 2888 841 2930 Vinci
875 2891 932 2931 ab
965 2891 1216 2948 haereticiS,
1251 2896 1328 2950 qui
1362 2912 1386 2938 a
1419 2899 1584 2941 teneris
1613 2901 1742 2941 annis

52 2947 219 2991 Graece
258 2952 458 2995 instituti
497 2960 792 3000 contemnunt
831 2961 1090 3005 Catholicos
1131 2966 1293 3008 Graeci
1341 2971 1557 3012 sermonis
1604 2972 1742 3027 impe-

48 3018 178 3075 ritos,
218 3026 262 3063 et
301 3024 358 3065 ad
390 3025 582 3067 Graecos
620 3028 766 3071 fontes
795 3031 800 3086 Ι
827 3046 1070 3087 prouocare
1109 3035 1256 3078 solent
1288 3054 1381 3080 non
1412 3041 1507 3081 sine
1541 3042 1739 3083 Catholi-
1751 3068 1778 3091 p.
1802 3059 1863 3086 2³5.

50 3105 202 3133 corum
226 3093 492 3148 ignominia.
546 3097 716 3146 Quinto
746 3100 820 3142 hic
842 3103 1015 3158 modus,
1050 3119 1138 3159 quo
1158 3122 1279 3149 nunc
1303 3111 1476 3151 Graeca
1495 3113 1741 3153 traduntur

1460 3183 1499 3214 ll

123 3187 309 3213 Monumenta
328 3190 500 3215 Germaniae
522 3192 715 3225 Paedagogica
734 3196 757 3219 V
