2153 3467
219 335 249 358 p.
263 325 324 352 123.

343 181 430 224 490

535 191 644 226 Ratio
668 191 874 227 studiorum
900 194 938 226 et
963 190 1218 226 institutiones
1244 189 1486 224 scholasticae
1511 187 1706 224 Societatis
1731 188 1820 225 Jesu
1843 189 1882 224 II

487 312 554 352 27.
617 309 742 350 Haec
773 309 929 364 regula
956 308 1235 366 praescribit,
1266 311 1319 350 vt
1338 308 1471 349 Prae-

344 379 488 422 fectus
519 379 771 421 studiorum
808 379 1072 422 inferiorum
1110 379 1275 422 referat
1306 379 1359 421 de
1391 379 1473 421 Ca-

343 451 496 506 talogo
527 450 746 493 librorum
767 451 1147 508 explicandorum,
1181 454 1224 492 et
1255 454 1307 492 vt
1339 449 1393 492 de
1421 464 1471 491 eo

343 525 573 563 statuatur
595 536 696 564 cum
718 521 953 564 Praefecto
972 521 1181 564 Generali
1201 525 1246 562 et
1264 520 1318 562 de
1338 519 1470 576 [cum]

345 592 592 648 Magistri&
627 619 679 624 ——
715 593 883 635 Contra
915 593 1031 634 hanc
1057 592 1262 648 regulam
1293 590 1474 633 uidetur

346 678 452 718 esse,
485 663 605 719 quod
636 665 684 705 in
716 663 958 705 Prouincia
994 663 1085 704 iam
1124 662 1196 717 fit,
1235 666 1288 704 vt
1319 676 1375 703 sc.
1415 661 1475 702 sit

346 739 492 777 certus
509 733 809 791 praescriptus
831 733 1077 788 Catalogus
1095 732 1315 788 omnibus,
1339 736 1475 788 atque

344 805 512 861 vbique
531 805 788 859 seruandus⁷
822 805 900 861 qui
929 804 1065 846 tertio
1097 808 1142 846 et
1165 808 1325 860 quarto
1357 818 1474 845 anno

345 891 516 933 semper
535 877 736 918 recurrit.
770 880 904 932 atque
932 876 997 918 ita
1018 876 1091 918 uel
1114 875 1389 932 dispensatio
1411 879 1477 916 est

345 947 557 1004 petenda,
602 947 675 989 uel
721 947 965 1003 Catalogus
1008 947 1085 988 ille
1124 947 1360 988 triennalis
1404 946 1477 988 uel

348 1018 682 1074 quadriennalis
723 1018 1023 1075 abrogandus.
1086 1018 1142 1060 In
1181 1018 1264 1060 hac
1295 1032 1400 1059 uero
1431 1032 1478 1059 re

346 1104 438 1131 non
471 1090 683 1131 conuenit
713 1089 831 1132 inter
862 1104 955 1131 nos.
995 1104 1097 1146 pars
1136 1094 1317 1146 cuperet
1349 1089 1476 1130 abro-

348 1161 462 1216 gari,
497 1161 603 1217 quia
634 1161 769 1203 multi
792 1161 871 1203 alii
894 1165 1100 1203 auctores
1121 1165 1240 1214 sunt,
1274 1175 1384 1216 quos
1406 1175 1478 1202 ex-

348 1232 522 1289 pediret
561 1233 729 1288 legere,
770 1236 815 1274 et
855 1233 1020 1288 quibus
1056 1232 1141 1274 hac
1184 1231 1359 1273 ratione
1390 1231 1480 1288 pri-

347 1308 516 1345 ua-ntur
548 1304 731 1345 omnino
762 1304 939 1346 scholae
960 1309 1151 1346 nostrae.
1202 1303 1358 1345 Altera
1379 1317 1481 1360 pars

347 1378 480 1430 putat
501 1374 774 1417 seruandum
792 1375 1064 1430 Catalogum
1082 1375 1334 1430 generalem
1352 1389 1482 1432 prop-

348 1450 417 1487 ter
457 1446 626 1488 multas
666 1446 807 1488 bonas
851 1445 1070 1501 rationeS,
1112 1445 1219 1502 quia
1250 1460 1308 1488 sc.
1350 1449 1395 1487 et
1428 1444 1482 1487 de

352 1516 481 1559 libris
522 1517 609 1559 sibi
662 1517 854 1560 studiosi
891 1517 1113 1560 maturius
1151 1520 1341 1573 possunt
1379 1530 1480 1572 pro-

349 1589 532 1646 spicere,
563 1593 607 1631 et
638 1589 813 1631 librarii
845 1593 889 1631 et
921 1588 1170 1645 bibliopegi
1201 1588 1255 1629 de
1285 1602 1482 1629 necessa-

349 1661 428 1702 riis
459 1660 586 1702 libris
616 1675 696 1718 pro
719 1661 871 1703 futuro
892 1665 1091 1717 tempore
1112 1659 1375 1716 prospicere.
1422 1658 1483 1700 Et

351 1732 564 1789 discipuli
604 1733 851 1788 migrantes
892 1747 946 1774 ex
986 1746 1078 1773 vno
1118 1732 1217 1773 loco
1255 1732 1302 1772 in
1345 1730 1483 1772 alium

351 1818 443 1845 non
458 1808 633 1845 tantam
649 1804 887 1860 patiuntur
901 1803 1136 1856 iacturam,
1152 1801 1332 1858 quando
1346 1801 1483 1843 iidem

353 1879 554 1917 auctores
570 1875 738 1931 vbique
760 1875 1055 1932 explicantur.
1103 1873 1254 1916 Tertio
1270 1888 1362 1915 non
1379 1878 1486 1915 sunt

352 1947 400 1988 in
440 1946 649 1988 omnibus
683 1946 896 2002 Collegiis
934 1945 1150 2003 praefecti
1190 1960 1240 1986 ac
1278 1960 1485 2001 praecep-

354 2023 472 2060 tores
502 2018 655 2059 idonei
688 2017 1052 2059 adiudicandum
1070 2021 1189 2058 recte
1222 2016 1275 2057 de
1294 2015 1485 2057 auctori-

354 2089 434 2131 bus
459 2093 503 2130 et
526 2089 635 2144 quid
656 2089 818 2144 cuique
842 2088 1017 2130 scholae
1035 2087 1288 2130 conueniat.
1313 2086 1484 2136 Quarto

352 2160 512 2215 quodsi
547 2159 911 2216 praeceptoribus
938 2159 1221 2214 relinquatur
1250 2158 1483 2204 iudicium,

354 2230 440 2286 ipsi
471 2231 621 2287 potius
639 2235 844 2288 spectant
873 2245 1004 2272 suum
1021 2230 1273 2287 profectum
1288 2235 1332 2271 et
1347 2244 1487 2270 recre-

355 2301 564 2355 ationem,
581 2317 716 2356 quam
725 2301 921 2343 fructum
939 2305 982 2342 et
999 2301 1290 2357 capacitatem
1307 2314 1487 2343 suorum

356 2372 693 2429 discipulorum.
758 2372 959 2414 Tandem
992 2372 1151 2428 quinto
1185 2375 1334 2428 posset
1355 2371 1487 2412 facile

356 2445 490 2487 etiam
519 2445 765 2487 contrariae
783 2445 922 2499 partis
938 2443 1106 2485 rationi
1122 2457 1202 2500 pro
1219 2443 1289 2484 his
1306 2456 1489 2498 respon-

359 2517 464 2568 deri,
506 2524 556 2559 vt
589 2532 646 2558 sc.
679 2515 901 2571 generalis
931 2514 1010 2556 ille
1037 2515 1269 2569 catalogus
1295 2513 1486 2568 singulis

358 2588 667 2644 quadrienniis
687 2591 1034 2642 recognoscatur
1057 2586 1110 2627 ab
1132 2585 1236 2639 illiS,
1272 2584 1350 2640 qui
1380 2588 1487 2625 sunt

358 2660 406 2701 in
438 2659 672 2716 prouincia
703 2658 849 2714 magis
872 2658 1125 2710 exercitati3
1149 2662 1193 2698 et
1212 2661 1263 2697 vt
1286 2659 1487 2696 auctores

360 2730 603 2786 aliquando
644 2730 954 2782 immutentur,
994 2743 1061 2769 ex.
1097 2743 1132 2769 c.
1170 2742 1250 2784 pro
1288 2726 1487 2767 Homero

360 2801 611 2858 Euripides.
662 2801 797 2842 Sexto
832 2800 1023 2854 denique
1055 2803 1168 2840 esset
1200 2797 1337 2839 etiam
1355 2811 1488 2851 agen-

361 2874 468 2914 dum
490 2887 589 2914 cum
616 2871 913 2927 typographis
945 2875 989 2911 et
1006 2868 1291 2924 bibliopegis,
1315 2881 1370 2907 ne
1387 2881 1487 2908 cum

360 2958 512 2985 eorum
554 2943 718 2984 damno
751 2945 984 2982 mutentur
1016 2944 1231 2981 auctores.

503 3017 570 3057 29.
638 3012 766 3055 Circa
798 3012 914 3053 hanc
953 3010 1156 3065 regulam
1196 3008 1286 3049 fuit
1324 3022 1506 3072 propo-A

362 3087 497 3127 situm
545 3083 753 3136 dubium,
799 3082 1022 3138 quomodo
1069 3081 1168 3122 loca
1212 3079 1281 3133 (de
1324 3079 1485 3135 quibus

1596 308 1679 350 Ad
1711 311 1779 352 27.
1834 309 1938 351 Non
1969 324 2072 351 con-

1508 379 1661 421 uenire
1693 394 1793 421 cum
1813 379 1898 421 hac
1916 380 2074 435 regula

1510 465 1679 492 morem
1718 450 1993 507 prouinciae,
2025 451 2074 493 in

1511 536 1600 577 qua
1621 522 1840 577 generalis
1859 526 1924 563 est
1940 522 2076 564 libro-

1509 607 1610 634 rum
1677 592 2076 649 praelegendorum

1512 663 1770 718 Gatalogus,
1793 663 1925 705 certis
1947 662 2076 704 annis

1511 748 1763 789 recurrens,
1804 749 1936 790 quem
1966 747 2077 775 non-

1512 804 1629 846 nulli
1660 805 1947 847 retinendum
1979 819 2078 846 cen-

1514 880 1624 918 sent.
1662 902 1712 907 —
1747 877 1802 918 R.
1850 874 2079 917 Permitti-

1514 951 1590 989 tur
1616 947 1783 989 iudicio
1813 948 1864 988 P.
1890 946 2078 988 Prouin-

1516 1017 1656 1072 cialis,
1696 1021 1759 1072 vt,
1799 1032 1845 1058 re
1882 1017 1994 1058 serio
2035 1020 2080 1057 et

1516 1094 1690 1131 mature
1707 1088 1975 1142 consultata,
1989 1102 2080 1129 cer-

1516 1165 1616 1202 tum
1648 1159 1842 1215 aliquid,
1881 1157 2000 1214 quod
2031 1157 2081 1199 in

1516 1236 1746 1288 posterum
1808 1230 2081 1282 obseruetur,

1519 1307 1703 1345 statuat.
1768 1300 1920 1357 (Ibid.)

1604 3004 1687 3046 Ad
1706 3008 1774 3048 29.
1793 3008 1842 3045 et
1859 3005 1927 3047 31.
1950 3003 2089 3044 Recte

1522 3076 1773 3119 iudicatum
1804 3078 1882 3116 est.
1938 3072 2087 3129 (Ibid.)
