2153 3467
74 1019 286 1049 Argumentum

102 1053 263 1078 scribendi.

77 1729 287 1755 Grammaticae

93 1766 210 1796 prat—lect
218 1765 255 1790 io.

129 1874 233 1896 (lrzxeva

95 1909 199 1938 praelo«
210 1909 260 1932 tio.

83 2109 277 2133 concertatio.

319 181 406 223 440
497 191 610 226 Ratio
638 191 841 226 studiorum
869 197 906 226 et
932 192 1184 228 institutiones
1213 192 1458 227 scholasticae
1485 192 1682 228 Societatis
1707 193 1798 229 Jesu
1823 193 1860 228 II

459 309 612 351 Primo
659 313 804 351 totam
853 311 1136 352 continenter
1185 313 1456 368 pronunciet
1504 310 1685 366 ejusque
1732 316 2049 368 argumentum

317 379 579 422 brevissime
617 380 764 436 patrio
805 395 1007 423 sermone
1045 382 1338 439 perstringat.
1383 408 1436 411 —-
1471 381 1678 423 Secundo
1720 381 1952 438 periodum
1993 383 2050 425 ad

317 450 506 493 verbum
539 451 670 506 vulgi
701 466 900 493 sermone
931 452 1268 509 interpretetur.
1304 478 1354 482 -——
1390 451 1542 493 Tertio
1582 467 1607 494 a
1639 453 1789 508 capite
1819 467 2051 495 recurrens

318 524 592 563 structuram
623 521 805 575 indicet,
852 528 896 564 et
933 523 1167 578 periodum
1199 526 1418 576 retexens,
1461 536 1575 578 quae
1605 522 1744 565 verba
1784 537 1894 578 quos
1926 538 2052 566 casus

317 594 493 646 regant,
527 593 747 647 ostendat,
782 594 992 650 pleraque
1016 593 1072 635 ad
1098 593 1344 650 explicatas
1367 593 1690 649 grammaticae
1716 593 1837 649 leges
1863 608 2050 651 perpen-

318 662 414 716 dat3
463 662 630 704 latinae
671 664 854 718 linguae
897 664 1257 706 observationem
1294 679 1431 706 unam
1464 668 1542 705 aut
1574 664 1776 718 alteram,
1809 664 1886 706 sed
1917 679 2052 720 quam

318 733 595 788 facillimam,
631 735 807 787 afferat3
842 735 1127 791 metaphoras
1168 735 1385 792 exemplis
1419 750 1567 777 rerum
1607 734 1943 777 notissimarum
1982 735 2053 776 de-

316 809 554 858 monstret3
588 820 724 847 unam
758 806 951 861 denique
975 810 1054 848 aut
1086 806 1274 848 alteram
1305 806 1506 863 phrasim
1539 810 1762 862 excerpat,
1797 821 1907 861 quas
1938 806 2053 848 solas

319 890 421 917 cum
452 881 720 931 argumento
755 877 963 918 dictabit.
994 903 1045 907 —
1069 877 1243 928 Quarto
1275 878 1507 934 scriptoris
1539 877 1704 919 iterum
1725 877 1865 920 verba
1896 891 2054 919 verna-

320 946 421 988 culo
454 961 655 989 sermone
688 947 909 989 decurrat.

465 1017 502 1062 7.
552 1017 831 1059 Dictandum
849 1023 1167 1073 argumentum
1347 1019 1384 1065 ’7.
1436 1019 1715 1062 Dictandum
1734 1022 2052 1075 argumentum

319 1088 545 1130 scribendi
582 1088 711 1145 Vulgi
745 1104 945 1131 sermone
984 1090 1036 1131 ad
1073 1105 1168 1132 Ver·
1206 1091 1430 1132 scribendi
1461 1091 1591 1146 vulgi
1624 1105 1825 1132 sermone
1866 1090 1922 1132 ad
1954 1104 2055 1132 ver-

320 1159 441 1213 bum,
475 1160 772 1216 perspicuum,
804 1175 886 1201 nec
916 1160 1007 1202 fere
1028 1161 1165 1203 versi·
1206 1161 1327 1215 bum,
1360 1160 1660 1217 perspicuum,
1694 1160 1815 1216 quod
1847 1161 1903 1203 ad
1929 1175 2053 1217 prae-

325 1229 403 1271 bus
415 1230 608 1286 septenis
625 1230 957 1286 longi11S,quod
973 1231 1028 1273 ad
1042 1246 1167 1288 prae-
1205 1237 1336 1288 cepta
1366 1232 1576 1288 syntaxis
1609 1236 1652 1273 et
1688 1235 1922 1274 auctorum
1954 1230 2054 1272 imi-

320 1305 448 1357 cepta
486 1301 692 1357 syntaxis
732 1307 777 1344 et
810 1302 1037 1344 Ciceronis
1069 1303 1169 1344 imi·
1204 1301 2053 1358 tationemreferatur.Discipulietiam

319 1371 538 1414 tationem
559 1372 790 1415 referatur.
845 1373 1079 1415 Interdum
1101 1374 1166 1415 di-
1205 1373 1405 1429 aliquam
1443 1373 1639 1415 auctoris
1677 1373 1859 1415 brevem
1891 1372 2055 1415 versio-

319 1443 483 1500 scipuli
515 1444 714 1500 aliquam
737 1445 965 1487 Ciceronis
987 1445 1166 1487 brevem
1204 1460 1308 1486 nem
1331 1450 1411 1487 aut
1434 1444 1618 1501 aliquod
1641 1459 1849 1500 graecum
1875 1448 2055 1501 tempus

319 1516 571 1557 versionem
611 1520 690 1558 aut
730 1516 914 1572 aliquod
958 1531 1168 1572 graecum
1205 1531 1281 1558 seu
1313 1530 1476 1558 nomen
1498 1516 1776 1558 subscribere
1796 1515 2053 1572 jubeantur.

320 1590 496 1643 tempus
548 1587 620 1629 vel
672 1602 836 1629 nomen
888 1588 1168 1630 subscribere

315 1657 572 1713 jubeantur.
1188 1711 1190 1715 .

460 1728 503 1775 8.
567 1729 900 1772 Grammaticae
940 1731 1179 1786 praelectio
1211 1745 1303 1772 non
1343 1729 1430 1771 nisi
1474 1730 1655 1785 singula
1698 1734 1953 1787 praecepta,
1999 1729 2056 1771 ad

320 1815 545 1842 summum
579 1816 680 1843 cum
711 1802 838 1843 brevi
870 1802 1022 1857 aliqua
1055 1801 1300 1858 appendice
1334 1805 1412 1842 aut
1443 1801 1718 1857 exceptione,
1752 1800 1992 1843 contineat.

466 1871 511 1916 9.
575 1873 629 1913 In
662 1873 836 1928 graecis
858 1873 1088 1915 tradendis
1111 1873 1266 1915 eadem
1288 1872 1577 1929 proportione
1608 1876 1856 1926 serventur,
1889 1875 1933 1912 et
1964 1870 2056 1912 fere

323 1958 377 1984 ex
410 1958 494 1985 usu
526 1944 707 1985 videtur
748 1959 839 1985 esse
876 1945 1144 1986 vernaculas
1183 1959 1316 1987 voces
1355 1943 1530 1985 casibus
1570 1958 1620 1985 ac
1660 1942 1864 2000 personis
1895 1941 2059 1984 addere

323 2015 567 2071 omniaque
599 2015 863 2072 plerumque
894 2030 1004 2057 voce
1037 2015 1184 2073 patria
1216 2015 1456 2057 declarare.

468 2110 545 2155 10.
611 2110 896 2152 Concertatio
917 2125 992 2151 seu
1015 2109 1275 2152 exercitatio
1299 2109 1384 2151 sita
1405 2108 1489 2150 erit
1517 2114 1614 2151 tum
1633 2109 1681 2150 in
1703 2108 1771 2163 iis,
1805 2123 1919 2165 quae
1946 2109 2059 2150 alter

325 2181 525 2223 aemulus
557 2181 605 2222 in
636 2181 820 2223 alterius
853 2180 1095 2237 scriptione
1119 2180 1471 2237 deprehenderit,
1504 2185 1601 2221 tum
1633 2179 1681 2221 in
1712 2179 1782 2233 iis,
1814 2179 1863 2221 in
1895 2179 2058 2236 quibus

322 2252 467 2307 prima
506 2252 616 2293 hora
652 2258 757 2301 (1832
784 2270 851 2291 om.
883 2268 955 2300 „pn
984 2258 1054 2302 w)
1095 2267 1140 2293 se
1182 2251 1475 2305 exercuerint,
1520 2249 1836 2307 proponendis,
1881 2254 1979 2292 tum
2010 2250 2059 2291 in

322 2323 561 2378 phrasibus
595 2339 620 2365 a
643 2324 939 2378 Praeceptore
962 2322 1134 2365 habitis
1166 2322 1424 2364 memoriter
1446 2321 1659 2375 dicendis,
1691 2326 1790 2363 tum
1823 2321 1871 2362 in
1901 2335 2060 2363 verna-

324 2393 434 2434 culis
465 2393 771 2435 locutionibus
801 2399 957 2436 mutuo
982 2409 1035 2435 ex
1067 2394 1339 2451 praescripto
1372 2396 1615 2448 syntaxeos
1637 2396 1716 2434 aut
1750 2391 1806 2434 ad
1830 2391 2058 2433 Ciceronis

322 2464 623 2506 imitati‹j›nem
668 2466 739 2518 (ad
777 2466 1064 2507 zfnn'tatae'onem
1107 2467 1351 2518 (facetorum)
1393 2463 1629 2518 exigendis
1676 2462 2055 2517 (faciendumque,

322 2540 373 2576 ut
404 2535 677 2577 locutionem
716 2536 994 2592 propositam
1034 2536 1189 2578 statim
1223 2535 1300 2591 qui
1339 2536 1650 2590 interrogatur
1687 2534 1847 2576 iisdem
1878 2536 2057 2590 repetat

322 2606 482 2659 verbis,
517 2622 702 2662 eamque
734 2607 962 2663 paulisper
993 2607 1237 2649 meditatus
1270 2621 1359 2648 non
1392 2605 1615 2648 verbatim
1648 2605 1726 2647 sed
1756 2609 1901 2647 totam
1922 2604 2056 2646 simul

322 2677 460 2718 latine
478 2677 664 2731 efferat),
677 2683 773 2719 tum
791 2678 839 2719 in
857 2678 1186 2720 difficilioribus
1203 2677 1377 2720 nomini
1386 2679 1464 2718 bus
1482 2691 1533 2718 ac
1550 2676 1712 2730 verbis,
1735 2690 1847 2731 quae
1860 2688 2055 2732 praeser-

323 2748 405 2789 tim
425 2748 470 2788 in
488 2748 789 2803 praelectione
805 2750 1100 2803 occurrerint,
1134 2749 1205 2790 vel
1223 2747 1477 2790 continenti
1494 2747 1568 2791 vel
1588 2747 1846 2803 interrupto
1873 2760 2055 2788 casuum

323 2835 372 2860 ac
404 2823 655 2875 tei'nporum
689 2819 856 2874 ordine,
903 2820 975 2861 vel
1009 2819 1200 2875 singulis
1240 2833 1318 2875 per
1350 2834 1394 2859 se
1425 2819 1498 2861 vel
1538 2818 1780 2873 conjuncto
1813 2817 1947 2859 simul
1980 2815 2055 2858 ad-

317 2890 488 2945 jectivo
511 2890 886 2945 substantivoque
918 2895 962 2932 et
983 2890 1245 2947 pronomine
1277 2888 1571 2943 inflectendis,
1604 2893 1702 2930 tum
1733 2889 1781 2930 in
1803 2886 2056 2944 praeteritis

323 2966 367 3002 et
390 2961 561 3017 supinis
585 2975 718 3016 quam
750 2961 976 3003 celerrime
1007 2960 1244 3003 reddendis
1271 2965 1315 3001 et
1337 2960 1439 3002 aliis
1471 2960 1517 3002 id
1540 2975 1681 3016 genus
1713 2959 1899 3002 arbitrio
1921 2959 2055 2999 Prae-

323 3032 527 3089 ceptoris.
