2143 3462
321 183 405 224 342
519 190 629 227 Ratio
657 190 862 226 studiorum
889 192 926 224 et
951 187 1203 224 institutiones
1228 187 1471 223 scholasticae
1496 187 1690 224 societatis
1715 188 1805 224 Jesu
1829 189 1867 224 II

321 311 424 365 sico,
453 311 651 366 Logious
683 325 785 352 eum
807 310 990 365 Logioo.
1039 309 1195 351 Mane¹

323 382 431 424 item
480 381 842 438 MetaphysiCUS,
906 396 931 422 a
982 379 1174 437 prandio

322 453 545 509 Physieus
577 468 712 494 unam
746 457 825 494 aut
850 453 1041 494 alteram
1074 465 1176 492 eon-

323 524 569 566 elusionem
632 523 919 566 confirmabit
981 515 1196 564 breviter¹

325 600 368 636 et
386 594 711 652 philosophice.
759 595 927 648 (Const.
950 609 993 650 p.
1017 597 1057 637 4.
1082 609 1118 635 0.
1137 595 1177 636 5·

324 681 369 708 11.
406 669 494 720 10.)

61 766 195 789 Summae
217 766 286 786 tem-

63 806 131 830 pore
152 802 295 828 «prutenus

72 834 295 866 disputandum.

471 762 544 809 18.
607 764 707 812 Quo
728 766 928 819 tempore
959 776 1179 803 summani

329 834 525 889 Logioae
541 836 812 891 Praeceptor
825 833 978 888 tradit,
993 848 1076 874 1100
1086 833 1179 888 ipse

330 921 411 947 nee
444 905 538 961 ejus
570 905 798 947 auditores
831 905 888 947 ad
920 904 1001 946 has
1033 903 1181 960 dispu-

330 976 525 1018 tationes
558 976 844 1019 conveniant.
906 975 1004 1017 Iino
1035 974 1181 1031 prima

333 1051 411 1088 aut
474 1046 617 1088 altera
668 1046 847 1088 circiter
899 1045 1182 1088 hebdomada

333 1117 493 1172 Logioi
524 1116 640 1159 nihil
681 1117 937 1174 disputent,
969 1131 1060 1159 una
1091 1115 1182 1158 fere

333 1203 482 1230 reruni
514 1188 832 1245 explanatione
866 1188 1088 1241 eontenti3
1128 1203 1182 1229 ex

334 1275 420 1315 quo
436 1265 635 1316 tempore
652 1263 865 1316 poterunt
881 1259 929 1301 111
947 1274 1026 1301 sua
1043 1259 1182 1301 classe

334 1330 573 1372 defendere
605 1330 753 1372 theses
774 1331 949 1386 aliquas
982 1330 1053 1372 die
1075 1329 1184 1373 Sab-

334 1401 475 1444 bathi.

84 1501 306 1531 Disputalwnes

126 1537 281 1561 sol-:mnes-

478 1497 553 1543 19.
614 1498 708 1542 Ubi
738 1513 831 1540 non
863 1502 930 1540 est
950 1497 1040 1539 nisi
1071 1512 1187 1539 unus

338 1569 659 1626 Philosophiae
706 1569 950 1626 Magister,
997 1572 1065 1611 ter
1110 1572 1189 1610 aut

339 1646 497 1697 quater
529 1641 578 1682 in
609 1656 728 1683 anno
750 1641 962 1683 instituat
981 1639 1188 1682 solemni-

341 1728 437 1755 ores
484 1712 658 1768 aliquas
704 1712 1032 1769 disputationes
1075 1710 1189 1753 festo
1234 1766 1243 1773 ·

341 1784 487 1826 aliove
521 1784 682 1826 feriato
711 1783 796 1838 die,
818 1783 953 1839 idque
975 1798 1025 1825 eo
1045 1782 1191 1839 splen-

343 1857 449 1898 dore
497 1860 632 1911 atque
681 1859 924 1912 apparatu,
978 1854 1190 1897 invitatis

344 1928 481 1970 etiam
500 1927 746 1983 Religiosis
778 1927 968 1982 aliisque
999 1925 1191 1968 doctori-

344 2000 428 2041 bus
459 1999 515 2041 ad
536 1998 961 2055 argumentandum,
993 2002 1045 2039 ut
1067 2013 1122 2039 ex
1142 2013 1193 2039 ea

346 2086 392 2112 re
424 2070 585 2112 studiis
616 2070 781 2111 nostris
811 2084 904 2112 non
940 2068 1191 2111 infructuo-

347 2158 420 2185 sus
451 2141 617 2198 aliquis
646 2141 798 2184 fervor
829 2141 1025 2184 accedat.

112 2239 230 2262 Fun-mac
253 2244 324 2262 ratzn

84 2276 113 2298 in
135 2275 323 2305 disputando.

486 2236 566 2283 20.
630 2236 706 2279 Sic
751 2237 808 2279 ab
854 2237 951 2294 ipso
994 2235 1194 2291 Logieae

348 2308 479 2350 initio
507 2308 696 2364 juvenes
728 2309 1044 2362 instituantur,
1077 2307 1192 2348 nihil

348 2386 399 2421 ut
415 2394 487 2420 eos
504 2380 646 2434 magis
658 2379 828 2436 pudeat
839 2379 888 2421 in
905 2378 1193 2436 disputando,

351 2466 484 2505 quam
505 2467 530 2491 a
553 2451 722 2492 formae
741 2450 917 2492 ratione
939 2449 1190 2502 deflexisse,

348 2522 464 2563 nihil
522 2521 578 2563 ab
636 2522 729 2563 illis
787 2521 983 2563 severius
1044 2520 1197 2576 exigat

350 2593 631 2648 Praeceptor,
649 2607 784 2647 quam
798 2590 1061 2648 disputandi
1078 2591 1198 2646 leges

350 2679 402 2705 ae
441 2667 582 2704 statas
622 2663 755 2705 vie-es.
818 2664 978 2718 Itaque
1018 2662 1095 2718 qui
1132 2676 1198 2703 re-

350 2736 539 2791 spondet
559 2739 732 2790 repetat
751 2734 948 2790 primum
969 2737 1112 2775 totam
1130 2748 1197 2774 ar-

350 2805 757 2863 gumentationem,
798 2804 914 2846 nihil
951 2804 1008 2846 ad
1040 2804 1195 2859 singu-

350 2879 416 2920 las
472 2877 807 2932 Propositiones
866 2875 1195 2932 respondendo,

352 2956 448 2991 tum
479 2949 642 2990 iterum
664 2946 1012 3003 Propositiones,
1045 2945 1200 2987 addat-

352 3035 436 3076 que
472 3019 652 3074 „Neg0“
675 3018 747 3059 vel
781 3017 1042 3073 „Coneedo“
1083 3032 1199 3072 „ma-

346 3091 504 3147 jorem,
536 3090 770 3144 minorem,
791 3075 1223 3144 consequentiam“.l
