2089 3381
697 156 741 192 R.
768 160 813 192 st.
843 156 944 191 1586.
982 153 1221 190 Prooemium.
1758 139 1811 182 27

116 277 325 331 strandiS,
356 277 405 318 in
425 277 663 319 iuuentute
696 274 952 329 erudienda,
974 276 1021 316 in
1054 273 1438 330 disputationibus
1471 288 1572 314 cum
1604 272 1707 314 fidei
1732 271 1808 312 ad-

115 349 335 405 versarijs,
375 349 424 390 in
456 347 667 404 consilijs,
707 346 1019 403 responsisque
1065 345 1119 387 de
1160 344 1310 400 dubijs
1356 344 1502 397 rebus,
1541 349 1586 385 et
1624 345 1808 385 caeteris

114 425 371 462 nostrorum
402 419 636 461 hominum
668 417 931 460 muneribus
963 432 1015 458 ac
1047 415 1376 459 functionibus:
1411 430 1523 471 quae
1541 415 1805 469 doctrinam,

114 507 206 533 non
237 492 471 546 vulgarem
501 491 639 544 illam,
673 490 748 532 sed
779 489 1069 531 excellentem
1103 488 1333 544 quandam
1365 486 1634 529 desiderant.

255 563 330 606 Ad
370 578 468 605 eam
514 577 619 604 vero
658 560 1016 616 consequendam
1067 560 1256 601 interest
1300 557 1559 615 plurimum,
1607 572 1695 612 qua
1740 557 1807 598 in-

113 635 371 691 grediamur
390 635 479 688 via,
512 633 675 689 quibus
708 632 896 686 artibus,
929 631 1093 687 quibus
1114 636 1298 673 vtamur
1325 629 1521 683 auxiliis,
1554 628 1687 683 quod,
1720 628 1807 669 nisi

111 706 230 748 ratio
262 706 408 747 facilis
441 720 492 746 ac
523 704 660 746 solers
697 704 889 757 ineatur,
923 703 1079 745 multis
1119 702 1397 758 consumptis
1437 699 1668 742 laboribus
1712 698 1806 739 fru-

113 782 211 820 ctus
232 776 496 834 respondere
524 776 663 818 soleat
684 777 895 830 exiguus:
930 779 1089 817 contra
1108 789 1216 817 vero
1249 774 1287 815 si
1318 772 1571 814 studiorum
1601 770 1729 812 labor
1751 769 1808 811 ad

113 850 363 905 sapientem
394 848 593 903 aliquam
625 862 830 889 normam
862 847 1100 901 dirigatur,
1132 861 1225 888 non
1263 844 1443 900 magnis
1480 841 1808 885 lucubrationi-

113 920 196 962 bus
242 934 460 975 magnum
507 918 824 975 compendium
868 923 912 960 et
955 917 1129 960 fructus
1168 917 1325 959 uberes
1370 916 1635 958 referantur.
1705 913 1808 954 Huc

112 991 297 1045 accedit,
331 990 452 1046 quod
472 1006 564 1032 non
585 990 717 1032 modo
738 993 974 1043 nostrates,
1009 989 1085 1031 sed
1107 994 1315 1031 externos
1343 988 1480 1030 etiam
1502 986 1805 1029 adolescentes

112 1062 334 1105 docendos
352 1062 641 1118 suscepimus,
667 1076 857 1117 quorum
879 1076 980 1103 cum
997 1076 1059 1103 nu
1088 1061 1092 1116 Ι
1121 1075 1293 1102 merosa
1316 1060 1374 1102 sit
1394 1059 1655 1112 multitudo,
1676 1070 1805 1113 prae·
1850 1088 1856 1096 .

111 1134 232 1176 clara
260 1133 446 1186 indoles,
480 1148 562 1175 nec
592 1147 694 1175 rara
725 1133 955 1185 nobilitas,
993 1136 1148 1175 nostro
1180 1132 1356 1174 muneri
1383 1136 1653 1188 nostraeque
1687 1131 1808 1188 apud

110 1206 221 1247 alios
253 1204 578 1247 existimationi
609 1203 754 1246 facere
785 1205 895 1246 satis
926 1218 1019 1246 non
1049 1203 1268 1258 videmur,
1302 1203 1340 1245 si
1370 1207 1439 1245 tot
1458 1203 1608 1259 pueris
1627 1208 1807 1245 nostrae

111 1276 217 1318 fidei
249 1275 511 1329 commissis,
545 1280 779 1331 tamquam
810 1276 1021 1330 nutrices,
1054 1290 1146 1317 non
1179 1276 1331 1317 omnia
1362 1275 1530 1332 optime
1553 1290 1723 1327 mansa,
1755 1278 1808 1316 vt

110 1348 251 1401 aiunt,
284 1348 333 1389 in
365 1363 413 1390 os
444 1347 708 1401 inseramus,
739 1363 795 1389 ne
827 1348 991 1402 exiguo
1025 1362 1127 1389 cum
1158 1361 1395 1403 progressu
1436 1347 1485 1388 in
1526 1345 1689 1388 scholis
1728 1359 1808 1387 no·-

112 1419 217 1461 stris
250 1423 585 1461 consenescant.
621 1419 788 1461 ·P0rr<‘>
825 1434 907 1461 nec
946 1419 1044 1461 leue
1081 1418 1257 1475 pondus
1290 1423 1334 1460 et
1374 1418 1523 1460 calcar
1560 1417 1618 1459 ad
1655 1416 1807 1459 studia

108 1494 263 1532 nostra
294 1490 406 1532 bene
439 1490 747 1546 componenda
779 1491 987 1532 accedere
1019 1490 1152 1532 debet
1185 1506 1237 1532 ex
1270 1505 1334 1544 eo,
1375 1489 1495 1545 quod
1526 1505 1594 1531 res
1626 1493 1807 1531 nostrae

109 1561 312 1618 quotidie
343 1562 392 1604 in
424 1566 637 1618 promptu
670 1565 804 1617 atque
835 1561 883 1603 in
917 1562 1058 1604 oculis
1090 1562 1292 1604 omnium
1314 1566 1433 1615 sunt,
1467 1575 1620 1603 eorum
1653 1561 1805 1616 etiam,

109 1633 187 1688 qui
207 1647 299 1675 non
321 1633 489 1689 optime
508 1633 722 1675 videntur
744 1633 905 1675 affecti.
959 1634 1136 1675 Horum
1157 1648 1263 1675 vero
1285 1634 1451 1675 iustam
1473 1634 1805 1675 accusationem

110 1704 306 1760 effugere
337 1719 430 1746 non
459 1705 664 1747 valemus
703 1704 847 1757 aliter,
886 1704 989 1759 nisi,
1029 1705 1150 1760 quod
1190 1705 1422 1746 nonnullis
1464 1704 1806 1747 benevolentiae

108 1790 215 1831 erga
252 1789 335 1817 nos
373 1775 511 1829 deest,
557 1775 605 1817 id
643 1791 793 1818 rerum
831 1776 944 1818 bene
981 1776 1279 1831 gerendarum
1318 1775 1506 1818 consilio
1555 1779 1690 1831 atque
1736 1777 1806 1817 in-

107 1846 283 1888 dustria
314 1862 665 1903 compensemus,
699 1862 799 1889 cum
831 1847 1093 1903 praesertim
1123 1862 1215 1889 non
1247 1848 1380 1904 pauci
1413 1847 1517 1901 sint,
1552 1847 1629 1903 qui
1649 1848 1699 1888 in
1720 1846 1805 1888 hac

105 1918 307 1960 literaria
345 1919 582 1974 palaestra,
636 1934 738 1960 cum
777 1934 801 1960 a
839 1920 1005 1961 nostris
1042 1919 1167 1961 vinci
1210 1934 1302 1961 non
1340 1919 1607 1974 aequissime
1643 1917 1804 1971 ferant,

105 2004 197 2031 non
229 2005 388 2046 parum
419 2005 488 2031 res
520 1990 701 2045 quidem
733 2005 835 2032 suas
865 2005 1141 2047 promouere,
1174 1995 1350 2033 nostras
1383 1994 1534 2032 autem
1567 1990 1805 2032 obscurare

105 2061 326 2103 nitantur.
405 2062 502 2103 Iam
546 2061 662 2103 nihil
707 2062 871 2103 attinet
909 2062 1054 2103 multa
1092 2062 1230 2104 verba
1268 2061 1414 2103 facere
1452 2061 1506 2103 de
1551 2061 1805 2103 animorum

106 2131 410 2185 consensione,
444 2148 579 2188 quam
602 2133 867 2188 grauissime
888 2138 1066 2175 nostrae
1094 2133 1413 2175 commendant
1432 2132 1803 2186 Constitutiones,

105 2202 154 2244 in
186 2203 240 2258 ijs
270 2203 548 2259 praesertim,
581 2219 694 2260 quae
724 2204 905 2260 publice
928 2209 1161 2259 geruntur,
1194 2209 1273 2246 aut
1295 2204 1535 2247 docentur:
1568 2203 1674 2245 huic
1697 2218 1803 2245 vero

106 2274 389 2317 consensioni
420 2275 625 2318 nondum
653 2275 762 2318 satis
783 2276 934 2331 potuit
956 2291 1048 2317 esse
1071 2276 1350 2318 consultum:
1386 2291 1489 2318 cum
1511 2276 1632 2317 enim
1651 2275 1803 2317 nullus

106 2344 226 2397 ordo,
245 2344 391 2387 forma
407 2346 533 2387 nulla
550 2346 802 2388 communis
819 2346 965 2389 adhuc
980 2348 1254 2404 praescripta
1271 2352 1396 2397 esset,
1423 2347 1555 2389 licere
1577 2346 1664 2388 sibi
1684 2347 1805 2401 quis-

107 2431 192 2471 que
209 2416 491 2459 existimavit
507 2421 551 2459 et
565 2417 730 2459 sentire
751 2433 863 2473 quae
884 2418 1034 2470 vellet,
1053 2422 1098 2460 et
1115 2433 1229 2474 quae
1246 2419 1482 2473 sentiebat,
1508 2417 1609 2474 alijs
1626 2417 1803 2459 tradere

105 2501 157 2528 ea
185 2487 410 2541 methodo,
450 2503 586 2543 quam
625 2489 820 2531 maxime
866 2489 1101 2545 probabat,
1142 2494 1193 2531 ut
1234 2490 1478 2545 aliquando
1519 2505 1613 2531 non
1652 2489 1804 2530 minus

103 2559 248 2599 nostri
278 2557 396 2599 inter
427 2574 484 2613 se,
512 2574 648 2615 quam
670 2560 724 2602 ab
747 2560 942 2602 externis
963 2560 1265 2602 dissentirent.
1328 2561 1451 2604 Illud
1481 2560 1615 2602 etiam
1635 2560 1799 2602 vltimo

107 2643 158 2670 ac
188 2629 428 2686 praecipuo
460 2631 557 2673 loco
595 2631 846 2674 cauendum
876 2631 1130 2682 videbatur,
1174 2647 1231 2673 ne
1271 2646 1419 2674 rerum
1456 2647 1678 2674 nouarum
1710 2635 1802 2673 stu-

106 2699 245 2755 dium,
291 2701 409 2755 quod
453 2702 697 2757 aliquando
740 2703 787 2744 in
831 2702 1063 2744 nonnullis
1108 2708 1305 2759 apparet,
1359 2703 1408 2744 in
1435 2704 1440 2758 Ι
1470 2703 1654 2758 aliquod
1712 2701 1800 2743 dis·
1843 2736 1849 2742 .
1891 2735 1897 2740 .

107 2771 274 2812 crimen
306 2776 507 2813 nostram
538 2773 734 2815 adducat
765 2773 1160 2828 existimationem,
1192 2774 1327 2830 idque
1358 2774 1444 2816 hac
1476 2778 1639 2827 aetate,
1673 2788 1799 2828 quae,

107 2855 209 2882 cum
240 2842 342 2897 plus
372 2841 514 2883 nimio
547 2842 746 2886 abundet
775 2844 1049 2900 haeresibus,
1087 2850 1266 2888 matura
1297 2846 1446 2902 potius
1483 2845 1661 2900 indiget
1700 2844 1802 2886 soli-

108 2910 265 2965 ditate,
301 2927 436 2967 quam
466 2927 625 2968 parum
656 2919 757 2957 tuta
789 2915 1045 2958 subtilitate
1079 2916 1328 2959 doctorum.
1375 2917 1527 2971 Atque
1558 2915 1607 2957 hi
1637 2914 1800 2956 doctri-

105 2996 190 3023 nae
235 2986 454 3037 tanquam
499 2985 671 3040 scopuli
724 2985 830 3027 licet
875 2986 1099 3042 sapienter
1138 2986 1356 3028 declinari
1393 2986 1567 3043 possint
1612 3000 1637 3026 a
1680 2989 1800 3026 vete-

105 3051 228 3095 ranis
259 3053 598 3110 professoribus,
632 3056 957 3100 consulendum
977 3061 1130 3100 tamen
1150 3056 1240 3100 fuit
1260 3057 1398 3099 etiam
1419 3056 1655 3109 tironibus,
1689 3068 1800 3111 quos
