2089 3381
502 142 547 178 R.
567 144 613 178 st.
635 142 736 178 1586.
773 140 881 177 Bulla
906 139 966 175 Pii
985 139 1028 176 v.
1048 143 1087 175 et
1113 139 1224 184 areg.
1243 138 1346 173 x111.
1714 128 1771 172 59

78 264 256 320 integro
304 266 348 304 et
387 262 566 318 Angelo
612 260 831 319 promissa
870 259 959 302 fuit
997 258 1171 301 intuitu
1215 257 1434 299 bonorum
1478 272 1676 314 operum,
1727 262 1773 300 et

79 334 199 377 bona
242 347 377 391 opera
423 348 478 375 ex
523 333 622 390 lege
669 337 859 376 naturae
907 331 965 375 ad
1011 331 1138 374 illam
1186 327 1547 384 consequendam
1595 344 1674 385 per
1724 344 1771 371 se

82 404 325 448 sufficiunt.
387 405 443 447 In
474 404 766 462 promissione
795 402 916 445 facta
947 401 1125 458 Angelo
1158 404 1202 443 et
1233 400 1378 458 primo
1417 399 1590 442 homini
1631 401 1773 443 conti-

80 480 216 519 netur
246 476 468 519 naturalis
499 475 701 518 iustitiae
733 473 1014 529 constitutio,
1049 487 1138 529 qua
1167 487 1248 529 pro
1284 471 1410 515 bonis
1443 471 1654 528 operibus
1676 473 1772 514 sine

81 547 169 591 alio
201 551 407 605 respectu
437 547 535 591 vita
567 549 747 589 aeterna
776 545 908 587 iustis
938 544 1234 602 promittitur.
1296 542 1509 586 Naturali
1540 542 1639 598 lege
1671 558 1773 585 con-

79 619 290 662 stitutum
322 619 411 661 fuit
440 618 627 673 homini,
667 621 732 672 vt,
774 617 813 659 si
842 616 892 659 in
923 615 1184 659 obedientia
1222 618 1537 672 perseueraret,
1579 613 1636 656 ad
1675 628 1774 656 eam

81 691 228 734 vitam
259 690 566 748 pertransiret,
597 689 646 731 in
678 703 767 745 qua
797 688 913 731 mori
942 701 1034 730 non
1065 689 1226 744 posset.
1301 685 1445 728 Primi
1477 685 1675 728 hominis
1707 685 1774 727 in-

82 761 201 818 tegri
230 761 391 804 merita
421 761 604 804 fuerunt
644 760 813 818 primae
853 758 1091 802 creationis
1131 772 1328 813 munera,
1359 758 1364 812 Ι
1392 756 1471 799 sed
1509 756 1639 799 iuxta
1677 771 1773 799 mo·
1817 793 1822 800 .

83 833 192 876 dum
221 832 435 890 loquendi
467 832 723 889 Scripturae
756 831 917 874 Sacrae
947 844 1040 873 non
1070 833 1187 872 recte
1213 832 1435 873 vocantur
1465 827 1653 884 gratiae,
1687 842 1776 884 quo

82 904 147 959 fit,
179 908 230 947 vt
260 908 439 947 tantum
471 904 644 958 merita,
676 917 768 946 non
799 902 938 944 etiam
969 901 1144 957 gratiae
1172 900 1367 943 debeant
1392 899 1659 957 nuncupari.
1721 899 1778 941 In

82 975 325 1033 redemptis
369 990 450 1033 per
495 975 692 1032 gratiam
733 974 903 1017 Christi
945 973 1124 1015 nullum
1166 971 1366 1014 inueniri
1407 975 1558 1029 potest
1608 970 1773 1013 bonum

83 1046 309 1101 meritum,
343 1046 464 1103 quod
494 1062 587 1089 non
617 1046 677 1088 sit
708 1046 850 1102 gratis
881 1045 1074 1101 indigno
1107 1044 1338 1087 collatum.
1401 1043 1534 1085 Dona
1565 1056 1778 1086 concessa

84 1118 258 1161 homini
288 1118 467 1175 integro
500 1122 544 1161 et
575 1118 753 1175 Angelo
786 1117 981 1160 forsitan
1011 1130 1104 1158 non
1135 1113 1434 1171 improbanda
1464 1112 1640 1155 ratione
1677 1126 1778 1170 pos-

84 1193 190 1232 sunt
230 1189 320 1233 dici
359 1189 522 1246 gratia,
569 1189 648 1232 sed
687 1189 795 1246 quia
832 1188 1079 1231 secundum
1119 1201 1252 1230 Vsum
1293 1185 1556 1243 Scripturae
1593 1183 1779 1227 nomine

84 1260 257 1318 gratiae
287 1265 468 1304 tantum
506 1276 557 1304 ea
594 1275 782 1304 munera
818 1260 1155 1316 intelliguntur,
1204 1271 1318 1314 quae
1354 1271 1434 1315 per
1464 1257 1496 1300 J
1499 1270 1624 1299 esum
1660 1255 1780 1298 male

83 1332 361 1376 merentibus
391 1337 437 1375 et
468 1333 672 1389 indignis
704 1331 1008 1386 conferuntur,
1040 1330 1141 1373 ideo
1172 1344 1318 1386 neque
1347 1327 1520 1383 merita,
1552 1342 1635 1370 nec
1665 1341 1779 1369 mer-

85 1418 168 1459 ceS,
212 1419 327 1460 quae
366 1404 458 1446 illis
496 1404 711 1459 redditur,
753 1404 902 1460 gratia
942 1402 1031 1445 dici
1071 1402 1218 1444 debet.
1286 1399 1567 1443 Solutionem
1608 1412 1778 1456 poenae

84 1476 356 1532 temporalis,
391 1491 504 1532 quae
534 1480 717 1533 peccato
749 1475 933 1518 dimisso
964 1489 1095 1532 saepe
1125 1477 1293 1528 manet,
1327 1476 1371 1514 et
1403 1470 1600 1528 corporis
1631 1484 1776 1512 resur-

84 1545 329 1588 rectionem
373 1546 552 1604 proprie
594 1562 686 1589 non
731 1547 820 1589 nisi
862 1546 1035 1589 meritis
1076 1544 1245 1588 Christi
1289 1542 1632 1586 adscribendam
1671 1556 1777 1584 esse.

86 1616 217 1667 Quod
247 1616 320 1674 pie
352 1621 396 1659 et
426 1617 541 1660 iuste
572 1617 621 1660 in
651 1618 736 1661 hac
765 1618 865 1661 vita
895 1617 1078 1660 mortali
1104 1631 1246 1673 vsque
1276 1615 1325 1658 in
1355 1616 1493 1658 finem
1525 1613 1780 1657 conuersati

86 1687 231 1730 vitam
262 1689 579 1745 consequimur
611 1693 853 1745 aeternam,
900 1689 948 1732 id
987 1703 1080 1731 non
1121 1688 1300 1746 proprie
1338 1686 1511 1743 gratiae
1554 1685 1653 1740 Dei,
1701 1684 1779 1727 sed

85 1758 361 1801 ordinationi
391 1760 590 1802 naturali
621 1759 779 1802 statim
810 1760 944 1802 initio
977 1759 1215 1802 creationis
1247 1758 1522 1802 constitutae
1553 1757 1672 1799 iusto
1693 1755 1779 1798 Dei

85 1829 255 1872 iudicio
293 1830 603 1887 deputandum
644 1836 725 1887 est,
772 1847 854 1874 nec
891 1832 940 1873 in
979 1831 1066 1874 hac
1103 1829 1403 1873 retributione
1453 1829 1676 1872 bonorum
1722 1826 1780 1869 ad

87 1901 257 1944 Christi
287 1902 501 1945 meritum
531 1903 783 1961 respicitur,
816 1903 892 1946 sed
923 1907 1104 1946 tantum
1136 1902 1194 1945 ad
1224 1901 1418 1959 primam
1445 1899 1780 1942 institutionem

86 1973 262 2029 generis
299 1974 500 2029 humani,
544 1975 593 2017 in
630 1990 719 2031 qua
758 1976 858 2032 lege
897 1974 1097 2017 naturali
1136 1973 1400 2016 institutum
1444 1976 1524 2027 est,
1569 1975 1622 2014 ut
1658 1971 1779 2013 iusto

87 2044 172 2086 Dei
224 2044 391 2088 iudicio
442 2046 724 2089 obedientiae
785 2047 1104 2089 mandatorum
1148 2045 1247 2089 vita
1310 2048 1492 2087 aeterna
1552 2041 1778 2084 reddatur.

87 2115 260 2172 Pelagij
293 2118 517 2160 sententia
548 2123 637 2160 est:
674 2118 797 2176 Opus
828 2118 999 2161 bonum
1031 2117 1145 2160 citra
1175 2115 1372 2172 gratiam
1404 2113 1661 2172 adoptionis
1686 2113 1779 2155 fac-

87 2189 185 2228 tum
222 2203 314 2230 non
355 2194 422 2230 est
458 2190 610 2246 Regni
650 2190 852 2232 coelestis
884 2188 1178 2233 meritorium.
1261 2188 1408 2244 Opera
1445 2187 1566 2228 bona
1607 2200 1632 2226 a
1674 2184 1781 2240 filijs

89 2257 346 2315 adoptionis
377 2260 498 2303 facta
528 2275 619 2304 non
650 2261 880 2319 accipiunt
911 2261 1133 2303 rationem
1165 2259 1315 2302 meriti
1338 2274 1393 2300 ex
1421 2272 1486 2313 eo,
1520 2256 1640 2313 quod
1662 2256 1780 2298 fiunt

92 2345 170 2387 per
209 2331 416 2388 spiritum
464 2332 721 2390 adoptionis
765 2332 1102 2375 inhabitantem
1149 2331 1283 2374 corda
1325 2330 1523 2372 filiorum
1559 2327 1657 2380 Dei,
1706 2327 1782 2369 sed

92 2405 271 2445 tantum
304 2418 357 2445 ex
390 2419 454 2459 eo,
496 2404 617 2459 quod
649 2409 755 2447 sunt
786 2404 1037 2447 conformia
1066 2403 1172 2458 legi,
1212 2401 1421 2459 quodque
1461 2415 1540 2458 per
1572 2415 1623 2441 ea
1654 2413 1780 2455 prae-

92 2476 237 2515 statur
268 2474 523 2517 obedientia
553 2476 656 2531 legi.
721 2476 867 2533 Opera
897 2476 1017 2518 bona
1046 2475 1268 2517 iustorum
1298 2489 1391 2517 non
1430 2472 1651 2529 accipient
1690 2469 1739 2511 in
1773 2469 1778 2527 Ι
1823 2505 1829 2512 .
1889 2505 1896 2512 .

93 2544 164 2586 die
193 2544 349 2601 iudicij
383 2547 570 2589 extremi
601 2547 863 2604 ampliorem
893 2548 1154 2601 mercedem,
1188 2561 1324 2602 quam
1352 2546 1472 2588 iusto
1495 2545 1582 2586 Dei
1612 2542 1781 2586 iudicio

92 2620 368 2658 mererentur
407 2618 614 2675 accipere.
689 2618 828 2673 Dicit,
867 2618 1089 2661 rationem
1131 2618 1283 2660 meriti
1320 2632 1413 2659 non
1454 2616 1695 2659 consistere
1733 2614 1782 2656 in

91 2701 155 2741 eo,
203 2688 337 2743 quod,
387 2688 460 2744 qui
500 2689 612 2731 bene
651 2694 873 2747 operatur,
919 2690 1085 2732 habeat
1122 2689 1318 2745 gratiam
1365 2692 1410 2731 et
1448 2687 1783 2730 inhabitantem

93 2758 313 2815 Spiritum
346 2760 576 2815 Sanctum,
619 2762 696 2804 sed
733 2762 782 2803 in
813 2776 863 2803 eo
903 2762 1061 2813 solum,
1103 2761 1224 2816 quod
1261 2760 1414 2802 obedit
1449 2759 1631 2802 diuinae
1669 2757 1781 2811 legi:

92 2845 228 2885 quam
259 2831 530 2873 sententiam
562 2833 737 2890 saepius
768 2832 945 2889 repetit,
978 2837 1022 2874 et
1054 2831 1209 2874 multis
1236 2830 1489 2873 rationibus
1509 2829 1671 2886 probat
1692 2827 1783 2868 fere

91 2904 188 2942 toto
219 2901 348 2944 libro.
410 2902 465 2943 In
497 2903 650 2945 eodem
682 2904 858 2961 saepius
889 2903 1077 2961 repetit:
1120 2902 1252 2952 Quod
1292 2916 1384 2943 non
1426 2905 1493 2943 est
1523 2914 1629 2942 vera
1668 2897 1782 2952 legis

93 2972 362 3027 obedientia,
394 2988 507 3029 quae
546 2974 597 3016 fit
634 2975 728 3017 sine
767 2974 1003 3017 charitate.
1067 2973 1204 3027 Dicit,
1253 2973 1419 3015 sentire
1460 2986 1562 3014 cum
1593 2967 1780 3023 Pelagio

93 3044 170 3101 qui
208 3044 377 3100 dicunt,
421 3059 514 3087 esse
544 3045 842 3089 necessarium
882 3045 940 3089 ad
977 3045 1200 3089 rationem
1244 3043 1407 3097 meriti,
1457 3046 1510 3085 vt
1549 3041 1682 3083 homo
1703 3051 1782 3095 per
