2148 3402
657 175 700 212 R.
727 180 773 214 st.
802 177 900 212 1586.
951 172 1213 211 Grammatioa.
1691 162 1774 206 159

87 296 328 352 aliquando
367 296 616 353 explicatur
653 311 733 354 per
769 297 958 338 Possum
995 294 1070 336 vel
1109 292 1233 335 Sino.
1297 292 1445 348 Igitur
1478 294 1775 336 Substantiuo

85 367 222 409 verbo
271 367 361 408 iam
399 367 644 423 coniugato
686 370 898 423 quattuor
934 369 1114 407 tantum
1159 363 1384 421 simplices
1424 365 1775 420 Goniugationes

85 437 317 494 ponendae
356 438 578 480 videntur.
641 438 726 480 His
763 451 870 480 vero
912 435 1143 493 expositiS‚
1191 438 1235 476 et
1276 435 1515 476 memoriae
1553 450 1776 479 commen-

85 508 224 563 datis,
272 508 426 551 statim
465 509 520 551 ad
563 508 919 551 Concordantias
956 505 1231 550 veniendum
1270 510 1402 548 esset:
1452 510 1496 547 et
1529 521 1554 547 a
1588 507 1777 548 Concor-

85 578 254 634 dantijs
312 580 368 621 ad
426 579 668 636 Syntaxim
723 578 1000 636 pedetentim
1051 576 1207 618 ordine
1260 590 1394 632 supra
1446 576 1649 633 exposito
1701 592 1779 633 per

85 650 399 706 quotidianam
454 651 706 693 thematum
753 649 1145 706 compositionem:
1196 647 1307 689 haec
1354 647 1475 689 enim
1522 652 1608 701 est,
1663 662 1775 703 quae

85 721 221 777 longo
254 736 337 763 vsu
370 721 503 764 debet
534 722 741 777 linguam
771 720 986 763 Latinam
1017 719 1200 761 reddere
1233 718 1382 775 pueris
1414 718 1697 761 familiarem.

225 806 265 848 5.
299 803 413 845 Toto
458 818 563 846 vero
612 809 828 860 tempore,
879 803 1000 859 quod
1041 801 1385 857 Concordantijs
1432 805 1475 843 et
1516 801 1774 847 scriblendis

85 873 360 917 thematibus
395 874 686 931 impenditur,
728 875 865 917 simul
898 877 1189 916 exerceantur
1226 873 1355 930 pueri
1386 873 1434 914 in
1466 872 1777 929 intelligendis

85 950 129 987 et
179 945 403 987 discendis
453 945 845 987 Declinationibus
898 961 950 987 ac
997 944 1426 1000 Coniugationibus⁷
1479 958 1592 1000 quae
1641 959 1778 1001 supra

85 1016 266 1058 fuerant
297 1016 484 1059 omissae
516 1031 569 1058 ex
599 1015 907 1058 Emmanuele.
958 1016 1057 1057 Hae
1087 1029 1281 1071 namque
1314 1014 1596 1071 colligendae
1629 1015 1778 1057 forent

84 1087 133 1129 in
163 1102 305 1130 vnum
337 1092 382 1130 et
412 1088 699 1130 collocandae
730 1092 833 1144 post
865 1091 1060 1143 quatuor
1092 1087 1316 1143 simplices
1347 1087 1588 1128 verborum
1612 1086 1777 1129 Coniu-

86 1158 312 1214 gationes,
352 1163 404 1201 vt
434 1164 538 1216 post
567 1159 648 1200 has
679 1163 797 1201 certo
831 1158 1027 1214 quodam
1059 1157 1149 1199 diei
1180 1161 1380 1214 tempore
1413 1162 1697 1215 exponantur
1735 1162 1779 1200 et

84 1230 342 1272 memoriter
373 1230 632 1272 reddantur.

227 1304 266 1346 6.
299 1301 366 1343 De
397 1301 634 1343 nominum
666 1316 771 1343 vero
795 1301 1045 1344 Generibus
1075 1300 1190 1343 illud
1211 1300 1466 1344 habendum
1492 1306 1569 1356 est,
1601 1317 1778 1345 necesse

84 1387 177 1415 non
207 1371 372 1427 videri,
406 1376 458 1414 ut
488 1373 601 1414 sciat
632 1387 743 1429 puer
763 1373 942 1415 Genera
974 1372 1176 1415 omnium
1208 1372 1391 1428 linguae
1413 1373 1604 1416 Latinae
1635 1374 1778 1416 nomi—

84 1458 214 1486 num:
258 1443 340 1485 vix
369 1443 480 1485 haec
512 1443 633 1486 docti
664 1444 832 1499 sciunt,
879 1448 924 1485 et
955 1443 1068 1485 scita
1098 1443 1229 1486 facile
1263 1443 1498 1498 excidunt,
1533 1449 1576 1487 et
1607 1460 1779 1502 semper

85 1515 324 1572 Calepino¹
364 1530 475 1572 opus
515 1520 594 1560 est.
657 1514 787 1556 Adde
827 1514 948 1571 quod
988 1514 1071 1556 hae
1109 1529 1327 1571 generum
1359 1517 1542 1572 regulae
1572 1517 1778 1560 versibus

84 1585 176 1628 fere
206 1586 460 1641 traduntur⁷
494 1586 696 1642 alioquin
727 1586 807 1628 vix
840 1585 1096 1628 memoriter
1128 1585 1399 1629 retinentur:
1432 1602 1586 1630 versus
1607 1602 1713 1631 vero
1733 1593 1779 1630 et

84 1672 163 1714 per
184 1672 229 1699 se
253 1657 430 1700 obscuri
461 1662 579 1712 sunt,
613 1662 657 1699 et
688 1656 900 1714 impliciti
932 1657 1150 1698 sexcentis
1182 1646 1519 1715 exceptionibus
1553 1664 1597 1701 et
1624 1674 1778 1702 mono-

85 1728 273 1785 syllabis
320 1729 592 1785 quibusdam
639 1727 1035 1771 terminationibus
1081 1728 1311 1784 insuaues,
1359 1733 1405 1771 et
1449 1729 1541 1772 fere
1586 1730 1777 1773 barbaro

86 1800 206 1856 stylo
246 1800 508 1857 conscripti,
549 1803 601 1842 vt
638 1799 694 1856 ijs
735 1799 791 1842 ad
830 1799 1081 1842 barbariem
1120 1799 1294 1856 potius,
1335 1815 1471 1857 quam
1510 1801 1568 1843 ad
1605 1802 1778 1844 Latini-

84 1875 228 1914 tatem
258 1871 558 1915 instituantur
587 1871 728 1929 pueri.

226 1942 396 1985 Eadem
443 1942 535 1985 fere
578 1942 802 2000 quadrant
847 1942 896 1985 in
938 1943 1192 1986 Praeterita
1237 1948 1282 1986 et
1319 1944 1492 2001 Supina
1522 1943 1776 2000 verborum,

86 2012 140 2055 de
173 2013 339 2070 quibus
378 2018 424 2056 et
460 2014 623 2070 longae
656 2018 762 2056 sunt
792 2014 1128 2071 praeceptiones
1160 2018 1204 2056 et
1234 2015 1426 2058 nimium
1457 2015 1777 2071 tenebricosae,

86 2088 132 2126 et
180 2084 408 2127 coniectae
452 2085 501 2127 in
547 2100 700 2127 versus
739 2085 819 2128 vix
867 2085 979 2128 bene
1018 2086 1205 2128 Latinos
1252 2090 1297 2129 et
1337 2087 1549 2130 extremis
1596 2087 1778 2129 detrun-

85 2155 339 2198 cationibus
369 2157 575 2211 insulsos,
610 2156 687 2213 qui
719 2156 797 2199 diu
829 2162 1111 2199 remorantur
1140 2173 1301 2215 pueros
1332 2158 1382 2200 in
1400 2174 1447 2200 re
1470 2158 1664 2213 difficili,
1696 2174 1778 2200 nec

87 2226 329 2270 admodum
360 2227 627 2281 necessaria3
669 2243 747 2270 cur
778 2227 900 2269 enim
931 2228 1077 2271 sciant
1107 2230 1235 2286 pueri
1266 2230 1420 2272 statim
1452 2230 1703 2273 Praeterita
1735 2234 1779 2272 et

87 2297 262 2355 Supina
293 2299 495 2341 omnium
526 2299 801 2342 verborum?
863 2300 953 2342 Cur
984 2299 1033 2342 in
1063 2299 1120 2356 ijs
1152 2305 1482 2355 consenescant,
1515 2301 1777 2358 praesertim

87 2369 165 2424 qui
197 2369 405 2412 debiliori
437 2374 543 2412 sunt
573 2370 788 2426 ingenio?
848 2370 1010 2426 Itaque
1042 2370 1180 2413 fuerit
1212 2372 1352 2414 satius
1384 2372 1441 2414 ad
1467 2372 1778 2415 Emmanuelis

87 2440 282 2495 Genera,
315 2441 564 2483 Praeterita
596 2445 640 2483 et
672 2441 844 2498 Supina
877 2441 1037 2484 addere
1068 2457 1234 2500 paucos
1264 2458 1419 2486 versus
1447 2458 1538 2486 non
1569 2443 1778 2501 illepidos

1798 828 1825 851 p.
1838 822 1898 845 ²:51».

83 2516 218 2568 atque
263 2511 474 2566 insulsos,
528 2511 605 2554 sed
648 2512 759 2554 bene
804 2512 1012 2568 Latinos,
1068 2513 1233 2570 quibus
1260 2515 1267 2570 Ι
1296 2515 1500 2571 Regulae
1548 2515 1767 2572 quaedam
1789 2534 1893 2565 pam.

86 2597 262 2638 eorum,
310 2597 424 2638 quae
455 2582 733 2639 frequentius
764 2583 813 2625 in
843 2599 974 2626 vsum
1006 2585 1217 2640 veniunt,
1257 2586 1454 2628 dilucide
1486 2587 1773 2644 comprehen-

87 2655 253 2697 dantur
283 2658 328 2697 et
362 2669 388 2696 a
418 2653 567 2711 pueris
599 2654 875 2698 ediscantur:
917 2655 1049 2698 Aliae
1077 2670 1184 2699 vero
1210 2659 1394 2713 regulae
1425 2672 1476 2700 ac
1504 2658 1778 2716 multiplices

234 2853 244 2874 ¹
271 2853 346 2890 Das
382 2855 506 2900 grosse
537 2855 699 2892 Lexikon
733 2857 983 2902 Calepi11S‚
1020 2858 1198 2900 Ambros.,
1236 2857 1277 2894 Ο.
1305 2859 1336 2894 S.
1363 2858 1459 2904 Aug.
1489 2858 1775 2904 „Dictionarium

90 2919 168 2948 octo
203 2915 447 2960 linguarmn“‚
481 2915 711 2950 Basil..1584.
764 2916 841 2951 Fol.
874 2937 916 2943 —-
953 2918 1014 2963 Ej.
1044 2918 1160 2960 „Dict.
1186 2918 1352 2953 undecim
1388 2918 1631 2962 linguarum“,
1662 2918 1775 2953 Basil.

91 2973 191 3011 1590.
242 2975 347 3017 (1627
358 2973 387 3018 ἲ)
439 2973 610 3009 Letztere
637 2975 810 3020 Ausgabe
838 2976 894 3011 die
922 2978 1034 3012 beste.
1064 2997 1105 3003 —-
1139 2978 1189 3012 Er
1215 2977 1308 3012 hiel's
1335 2977 1534 3021 eigentlich
1561 2976 1774 3012 Ambrosius

90 3031 180 3067 Graf
220 3043 290 3067 von
331 3033 502 3077 GalepiO,
541 3033 621 3078 gel».
660 3046 704 3070 zu
742 3035 924 3080 Bergamo
965 3039 998 3070 6.
1029 3037 1116 3072 Juni
1156 3037 1256 3078 1433,
1301 3035 1403 3072 starb
1447 3036 1627 3071 erblindet
1675 3036 1776 3069 1510.

89 3091 121 3125 S.
147 3092 317 3135 Feller,
346 3093 531 3128 Dictionu.
557 3093 643 3128 hist.
669 3094 742 3128 und
768 3095 955 3139 Morari,
983 3095 1107 3131 Grand
1133 3095 1318 3144 Dictionn.
1345 3106 1381 3130 u.
1406 3095 1440 3130 d.
1461 3094 1519 3130 W.
