2143 3462
227 2642 254 2665 p.
276 2634 338 2658 233.

366 182 451 230 160
545 194 658 233 Ratio
685 191 888 233 studiorum
915 200 954 234 et
977 191 1230 235 institutiones
1256 195 1498 235 scholasticae
1524 198 1717 236 Societatis
1742 199 1831 237 Jesu
1854 193 1894 237 11

362 315 652 372 exceptiones
691 316 933 358 memoriae
969 331 1062 359 non
1100 318 1383 372 mandentur,
1432 317 1508 359 sed
1547 332 1573 359 a
1604 318 1895 375 Praeceptore
1931 319 2055 362 intra

362 386 471 428 duas
504 386 687 428 circiter
719 386 1021 428 hebdomadas
1055 389 1385 444 (praeterquam
1416 388 1497 430 vbi
1534 388 1758 445 prolixam
1789 389 1948 432 horum
1983 405 2056 431 ex-

361 457 651 513 plicationem
684 473 776 499 esse
807 458 943 514 longe
977 458 1204 501 vtiliorem
1237 458 1514 515 experientia
1547 459 1717 515 docuit)
1750 459 1951 501 breuiter
1982 475 2055 502 ex-

360 531 591 584 ponantur
634 533 679 569 et
718 533 937 584 tanquam
975 528 1245 584 indicentur,
1293 534 1344 571 vt
1381 530 1430 571 in
1468 533 1682 586 promptu
1726 529 1891 571 habeat
1928 545 2053 587 puer,

362 598 584 654 siquando
617 613 729 656 opus
761 600 910 653 fuerit,
943 599 1064 641 vnde
1094 604 1219 656 petat
1240 600 1456 656 cuiusque
1478 600 1551 641 Vel
1573 599 1772 641 nominis
1794 615 1948 655 genus,
1981 601 2055 643 vel

361 670 490 712 verbi
522 670 814 726 praeteritum
846 685 897 711 ac
929 670 1151 726 supinum.

505 744 542 784 7.
577 741 646 782 De
669 740 889 782 Prosodia
920 756 1026 783 vero
1048 741 1164 783 illud
1185 741 1441 784 habendum
1463 745 1549 795 est,
1581 741 1717 798 paulo
1749 745 1852 797 post
1870 741 2052 784 initium

360 812 589 868 ponendos
623 816 758 867 atque
789 811 1080 867 explicandos
1112 826 1204 853 esse
1236 812 1563 854 communiores
1586 812 1804 867 quosdam
1823 812 1968 868 pedes,
2002 816 2054 854 vt

362 883 623 939 Dactylum,
644 882 917 938 Spondeum,
935 882 1226 937 Trochaeum,
1242 882 1537 940 Anapestum,
1560 883 1861 939 Pyrrichium,
1885 883 2051 925 Dicho-

360 967 508 994 reum:
558 957 658 993 tum
703 953 924 1007 quaedam
968 953 1241 1009 peruulgata
1283 954 1431 1010 magis
1471 955 1718 996 Metrorum
1764 968 1951 1009 genera,
2002 958 2054 997 vt

360 1023 700 1077 Hexametrum,
733 1024 1086 1078 Pentametrum,
1119 1023 1411 1081 Sapphicum,
1445 1024 1742 1066 Phaleucium
1765 1024 1871 1080 [sic],
1904 1025 2055 1067 Ascle-

359 1094 585 1151 piadeum.
648 1094 702 1135 Id
749 1094 870 1135 enim
913 1094 1132 1151 proderit,
1179 1099 1248 1149 Vt,
1297 1099 1539 1151 antequam
1588 1095 1732 1137 omnis
1774 1096 2054 1151 syllabarum

364 1164 598 1220 quantitas
638 1164 910 1220 perlegatur,
949 1165 1174 1222 incipiant
1212 1166 1341 1223 pueri
1377 1166 1655 1222 pedetentim
1687 1166 1932 1209 versiculos
1971 1166 2053 1208 ali-

363 1239 471 1290 quot
504 1239 548 1276 et
580 1234 790 1276 scandere
823 1239 866 1276 et
899 1235 1103 1278 scribere.

504 1308 544 1349 8.
576 1306 716 1348 Porro
749 1307 1066 1348 annotationes
1098 1307 1222 1362 illae,
1263 1321 1377 1362 quae
1407 1307 1710 1364 Typographo
1750 1307 2053 1362 ascribuntur,

362 1377 589 1419 tollendae
626 1382 752 1419 sunt:
797 1382 897 1420 tum
937 1377 1044 1434 quia
1081 1378 1391 1420 interturbant
1427 1379 1686 1434 regularum
1717 1393 1914 1433 cursum,
1955 1384 2054 1420 tum

362 1448 469 1504 quia
489 1449 796 1506 Typographo
827 1449 1092 1491 tribuuntur
1124 1464 1238 1504 quae
1267 1464 1349 1491 nec
1380 1449 1476 1506 ipse
1505 1450 1742 1505 cogitavit,
1775 1465 1857 1492 1100
1888 1449 2055 1491 intelli-

361 1534 464 1574 gere
494 1525 663 1576 potest,
696 1524 794 1562 tum
828 1520 933 1576 quia
965 1535 1292 1577 superuacuum
1324 1524 1389 1562 est
1420 1525 1514 1562 tam
1545 1520 1804 1576 frequenter
1834 1520 2055 1562 rationem

359 1590 542 1632 reddere
573 1591 879 1632 mutationum
911 1591 1127 1646 omnium,
1169 1607 1268 1633 cum
1302 1591 1410 1633 satis
1440 1591 1586 1634 videri
1617 1591 1772 1648 possit,
1813 1591 1850 1632 si
1880 1591 1930 1633 in
1966 1591 2055 1648 epi-

361 1661 516 1716 stolio,
559 1662 679 1717 quod
713 1663 1044 1705 Grammaticae
1076 1663 1300 1719 principio
1331 1662 1519 1719 praefigi
1548 1667 1712 1719 posset,
1744 1662 1950 1705 dicatur:
1998 1663 2055 1704 In

359 1733 656 1775 Emmanuele
695 1734 919 1775 nonnulla
956 1733 1094 1776 fuisse
1132 1738 1429 1787 commutata,
1475 1737 1529 1776 vt
1575 1733 1720 1789 magis
1767 1733 1824 1776 ad
1870 1737 2054 1790 captum

360 1819 600 1861 puerorum
633 1805 969 1861 explanaretur;
1003 1820 1142 1861 eaque
1173 1805 1384 1847 asterisco
1415 1805 1620 1847 notanda
1652 1808 1810 1847 essent.

503 1877 543 1920 9.
576 1876 777 1918 Tandem
820 1877 1077 1918 rudimenta
1119 1876 1390 1918 conferenda
1434 1891 1528 1918 non
1567 1876 1783 1919 videntur
1824 1875 1874 1917 in
1913 1890 2055 1918 vnum

359 1947 573 1989 volumen
620 1962 722 1989 cum
768 1948 983 2004 Syntaxi,
1031 1963 1088 1990 ne
1134 1947 1246 1989 haec
1291 1946 1601 1989 Grammatica
1648 1961 1790 2003 aequo
1836 1946 2055 2003 prolixior

359 2018 584 2075 Videatur,
617 2019 748 2062 Italis
778 2019 1061 2077 praesertim,
1095 2019 1194 2075 qui,
1228 2033 1330 2061 cum
1360 2018 1619 2060 rudimenta
1645 2033 1670 2059 a
1698 2017 1875 2074 reliqua
1896 2018 2054 2060 Gram-

358 2091 527 2132 matica
559 2091 762 2133 seiuncta
795 2091 969 2133 soleant
998 2090 1179 2145 habere,
1219 2105 1271 2132 ac
1301 2089 1489 2146 proinde
1519 2088 1589 2131 vti
1620 2088 1825 2130 breuiore
1857 2088 2053 2144 quodam

357 2161 513 2203 libello
562 2162 918 2217 Grammaticae,
968 2161 1169 2204 nancisci
1217 2165 1402 2218 possent
1448 2159 1592 2216 aliqui
1633 2160 1821 2202 Nostras
1866 2159 2053 2202 Scholas

359 2232 666 2274 calumniandi
714 2233 994 2276 occasionem
1040 2248 1095 2274 ex
1138 2232 1378 2288 grandiore
1425 2231 1622 2287 quodam
1671 2235 1849 2272 nostrae
1895 2231 2054 2273 Gram-

358 2303 550 2345 maticae
581 2304 832 2346 volumine:
867 2319 969 2346 cum
1000 2303 1264 2361 praesertim
1294 2303 1478 2345 infimae
1511 2302 1654 2356 classi,
1689 2317 1801 2357 quae
1832 2305 1931 2343 tota
1960 2300 2052 2343 fere

358 2373 407 2415 in
439 2374 704 2417 declinando
738 2380 782 2417 et
815 2375 1100 2431 coniugando
1127 2378 1212 2428 est,
1244 2374 1360 2416 nulli
1380 2373 1483 2416 vsui
1504 2373 1563 2415 sit
1581 2373 1762 2415 libellus
1785 2373 2051 2429 Syntaxeos.

431 2625 509 2673 An
550 2641 657 2673 cum.
696 2627 869 2690 primis
908 2627 1059 2675 ferme
1097 2626 1298 2675 Latinae
1336 2625 1691 2675 Grammaticae
1730 2623 1985 2672 elementis

840 2707 1093 2770 Graecae
1139 2707 1324 2770 etiam
1367 2706 1583 2768 literae

999 2804 1260 2853 discendae
1300 2804 1409 2851 sint.

1086 2922 1200 2986 Cap.
1242 2920 1321 2970 IV.

501 3014 694 3070 Magnas
710 3028 762 3055 ac
781 3012 1058 3070 multiplices
1081 3028 1172 3055 esse
1190 3014 1387 3056 Graecae
1408 3013 1591 3069 linguae
1612 3012 1836 3056 vtilitates
1853 3010 2048 3066 ambigit
2118 2987 2127 3002 ›

358 3085 529 3127 nullus.
592 3085 710 3143 Nam
740 3089 1075 3141 praeterquam,
1108 3084 1229 3140 quod
1258 3084 1489 3142 praecipui
1518 3084 1609 3126 fere
1639 3088 1816 3126 autores
1846 3082 2047 3125 omnium
2122 3098 2143 3131 ¹

2091 3127 2143 3462 i
