2143 3462
75 323 179 347 Emlvm
201 324 319 346 vallano

70 359 245 387 inv-›lwgiis
260 360 315 388 pr}-

140 395 248 418 mariis*

113 609 154 630 All
176 616 206 630 νει
230 614 282 629 non

116 642 277 665 vxiuwwli.

98 1033 204 1057 Philus.
231 1040 295 1063 ιη’(ι-

73 1070 199 1092 Ῐιεῃκυῃκκ*
212 1070 322 1099 quain-s.

79 1389 188 1412 Philus,
206 1396 318 1412 rursus.

99 2683 267 2707 lelm'ivne
285 2684 315 2707 (et

104 2720 123 2742 Η
133 2719 301 2742 ιιιιιηιιίΙτιῑίηγ

347 194 432 236 242
533 204 641 238 Ratio
668 203 874 239 studiorum
901 209 939 239 et
964 203 1219 240 institutiones
1245 202 1489 238 scholasticae
1515 196 1710 238 Societatis
1735 200 1759 238 J
1762 213 1825 238 esu
1849 200 1887 237 ΙΙ

482 321 554 367 14.
616 322 722 363 Fiat
738 323 873 364 etiam
895 322 1154 377 hujusmodi
1172 336 1352 364 casuum
1369 320 1550 361 collatio
1568 320 1616 361 in
1631 320 1857 376 primariis
1878 319 2078 375 collegiis

337 394 489 438 (152th
525 393 620 434 sive
651 408 767 434 unus
800 393 945 435 duove
977 393 1070 434 sint
1101 408 1283 434 casuum
1323 391 1605 447 professoreS,
1646 391 1741 432 sive
1778 391 1969 444 nullus),
2001 405 2078 447 po-

339 463 562 504 tissimum
594 477 674 519 pro
715 464 925 506 omnibus
957 463 1231 519 Theologiae
1273 462 1581 516 auditoribus,
1622 462 1699 503 sed
1731 461 1865 503 semel
1896 465 2078 503 tantum

338 534 387 574 in
420 533 712 575 hebdomada.

483 605 556 651 1¹5.
621 605 692 646 Ab
711 605 781 646 his
799 610 948 646 autem
968 605 1190 657 omnibus,
1214 619 1323 659 quas
1341 603 1552 658 (1111110113,
1571 603 1889 646 collationibus
1903 608 2080 660 praeter

339 676 610 731 Theologiae
644 692 694 718 ac
727 676 1047 732 Philosophiae
1079 676 1362 731 professores,
1395 680 1440 716 et
1468 675 1506 715 si
1528 690 1638 730 quos
1663 675 1774 716 alios
1795 674 2079 731 excipiendos

340 747 552 803 Superior
579 746 866 802 judicaverit,
900 747 1015 788 nulli
1042 750 1269 802 praeterea
1301 746 1488 787 casistae
1528 747 1769 800 (tlccoloyiae
1795 747 1970 787 moralis
1994 760 2075 787 (m-

340 820 515 873 ditores)
554 819 758 873 nullique
791 818 1055 871 sacerdotes,
1089 818 1166 872 qui
1199 833 1251 858 ex
1284 818 1498 858 instituto
1540 817 1613 858 vel
1644 817 1874 858 interdum
1907 815 2082 857 confes-.

340 889 486 930 si‹›nes
507 889 709 942 audiant,
732 889 1009 941 eximantur,
1043 888 1134 930 imo
1159 888 1374 945 Superior
1393 888 1486 945 ipse
1508 903 1601 930 non
1620 888 1707 929 nisi
1730 902 1830 930 raro
1854 892 1899 929 et
1920 901 2081 942 graves

341 961 398 1002 ob
431 975 585 1001 causas
618 960 748 1001 absit.

487 1031 559 1076 16.
624 1030 945 1087 Philosophiae
977 1030 1260 1086 professores,
1292 1031 1381 1071 nisi
1401 1029 1672 1085 gravissima
1694 1029 1934 1070 necessitas
1957 1027 2083 1070 aliud

343 1103 508 1157 exigat,
531 1106 708 1158 oportet
727 1116 819 1143 non
838 1101 972 1143 modo
1003 1116 1183 1143 cursum
1204 1101 1478 1156 Theologiae
1501 1101 1762 1153 absolvisse,
1796 1100 1873 1141 sed
1895 1099 2083 1141 eandem

343 1173 525 1215 biennio
565 1175 799 1229 repetisse,
842 1178 895 1214 ut
935 1188 1087 1215 eorum
1126 1172 1332 1214 doctrina
1370 1172 1510 1214 tutior
1547 1187 1640 1213 esse
1674 1172 1818 1228 possit
1849 1171 2083 1227 magisque

343 1244 614 1300 Theologiae
647 1244 890 1298 deserviat,
923 1244 960 1285 si
992 1244 1071 1300 qui
1103 1245 1269 1286 autem¹
1308 1243 1478 1285 fuerint
1509 1243 1566 1285 ad
1597 1243 1830 1285 novitates
1852 1241 1984 1298 proni
2005 1245 2083 1283 aut

342 1315 516 1371 ingenii
546 1315 682 1357 nimis
714 1315 859 1363 liberi,
892 1315 941 1356 hi
973 1330 999 1356 a
1031 1314 1220 1356 docendi
1250 1329 1434 1356 munere
1465 1315 1561 1356 sine
1593 1314 1731 1357 dubio
1763 1313 2038 1357 removendi.

475 1386 543 1432 17.
607 1386 978 1442 Philosophicum
1010 1400 1189 1427 cursum
1318 1384 1384 1430 17.
1434 1388 1470 1437 ξ.
1495 1390 1532 1430 1.
1582 1392 1633 1430 In
1650 1386 1863 1442 collegiis,
1879 1386 1959 1428 ubi
1976 1390 2083 1428 sunt

342 1457 537 1499 triennio
557 1458 806 1512 absolvent,
828 1472 921 1499 non
944 1461 1096 1499 autem
1110 1457 1191 1497 mi-
1229 1457 1381 1499 studia
1434 1458 1716 1512 Nostrorum,
1774 1457 2085 1514 philosophiae

341 1544 449 1571 nore
472 1534 686 1585 tempore,
720 1529 799 1570 ubi
823 1533 929 1570 sunt
953 1528 1119 1582 nostri;
1154 1528 1190 1569 si
1230 1543 1409 1570 cursum
1424 1528 1490 1570 ita
1504 1529 1727 1583 instituet,
1747 1533 1800 1570 ut
1816 1529 1939 1570 intra
1956 1528 2083 1570 bien-

343 1605 492 1642 autem
522 1601 605 1642 soli
631 1601 723 1641 sint
749 1601 922 1642 externi
952 1599 1189 1654 auditores,
1229 1599 1356 1641 nium
1374 1599 1683 1653 sufficientem,
1701 1599 1822 1640 intra
1836 1598 2084 1640 triennium

342 1672 625 1727 relinquatur
661 1671 965 1713 Provincialis
1003 1671 1187 1726 judici03
1228 1671 1476 1726 pleniorem
1515 1670 1651 1726 hujus
1684 1670 1898 1712 scientiae
1930 1671 2084 1726 cogni-

343 1743 587 1798 quotannis
601 1757 720 1797 vero,
733 1743 770 1783 si
786 1742 882 1783 fieri
896 1746 1057 1798 potest,
1073 1757 1191 1783 unus
1228 1740 1397 1782 tionem
1413 1741 1641 1796 acquirere
1657 1740 1847 1797 possint.
1881 1740 2083 1781 Tertium

343 1829 496 1855 cursus
528 1814 831 1857 absolvendus
880 1818 925 1854 et
963 1814 1078 1854 alter
1124 1813 1193 1854 in·
1230 1817 1382 1853 autem
1423 1827 1592 1854 annum
1624 1811 1837 1853 concedet
1869 1812 1938 1866 iis,
1973 1825 2083 1867 quos

345 1886 592 1928 (homulus.
1209 1884 1330 1943 §post
1351 1887 1576 1925 maturam
1599 1882 1979 1937 deliberationem,
2005 1897 2082 1924 au-

1230 1954 1339 1996 ditis
1355 1954 1694 2011 professoribus,
1718 1954 1913 2010 aptiores
1931 1954 1980 1996 in
1994 1955 2084 1995 Do-

1230 2025 1352 2067 mino
1369 2024 1657 2081 judicaverit.
1707 2025 1896 2082 Insuper
1916 2024 2084 2082 poterit

1231 2097 1501 2152 quibusdam
1552 2101 1727 2153 tempus
1779 2101 2084 2153 opportunum

1229 2168 1425 2210 tribuere
1445 2168 1502 2210 ad
1518 2168 1598 2210 has
1614 2168 1851 2210 facultates
1866 2168 2084 2225 privatim

1230 2239 1495 2296 repetendas
1526 2239 1583 2280 ad
1598 2253 1804 2281 normam
1821 2239 2084 2282 instructio—

1232 2311 1302 2352 nis
1333 2310 1520 2353 inferius
1550 2310 1722 2367 positae
1738 2325 1819 2367 pro
1845 2310 2081 2366 theologis,

1322 2385 1345 2434 §
1367 2386 1405 2425 2.
1454 2381 1614 2432 Quoad
1631 2386 1837 2423 externos
1855 2382 2082 2424 auditores

1232 2453 1503 2510 providebit,
1523 2456 1576 2494 ut
1596 2452 1908 2509 philosophiae
1930 2468 2083 2495 cursus

1234 2525 1500 2566 instituatur
1516 2524 1650 2580 juxta
1671 2539 1840 2566 morem
1860 2529 1905 2566 et
1936 2539 2083 2566 neces-

1233 2596 1415 2638 sitatem
1446 2595 1657 2651 regionis.

494 2682 563 2727 18.
628 2683 756 2723 Licet
795 2696 949 2723 cursus
994 2680 1210 2737 temporis
1257 2679 1314 2721 ad
1362 2679 1676 2721 Humanitatis
1721 2684 1766 2721 et
1815 2678 2083 2721 Rhetoricae

349 2753 547 2794 studium
570 2753 783 2794 definitus
802 2767 894 2793 esse
916 2756 1121 2806 nequeat,
1145 2755 1189 2792 et
1207 2751 1264 2793 ad
1283 2750 1567 2808 Superiorem
1580 2749 1804 2807 pertineat
1821 2750 2082 2806 expendere,

349 2831 568 2879 quantum
602 2824 646 2864 111
680 2823 750 2864 his
783 2823 946 2864 litteris
979 2837 1199 2877 quemque
1239 2821 1418 2862 haerere
1458 2826 1681 2879 oporteat,
1714 2822 1900 2863 Nostros
1931 2825 2082 2863 tamen

348 2910 438 2936 non
473 2900 577 2936 ante
620 2894 676 2935 ad
709 2893 1047 2950 Philosophiam
1091 2893 1264 2946 mittat,
1303 2908 1438 2948 quam
1477 2892 1710 2934 biennium
1751 2892 1799 2933 in
1836 2893 2081 2934 Rhetorica

348 2965 720 3021 consumpserint,
752 2965 838 3005 nisi
872 2965 988 3006 ratio
1029 2964 1188 3005 aetatis
1226 2967 1304 3004 aut
1334 2963 1604 3019 aptitudinis
1645 2967 1723 3004 aut
1755 2963 1926 3020 aliquid
1958 2963 2081 3005 aliud

348 3036 524 3077 obstare
548 3036 595 3076 in
617 3036 813 3076 Domino
836 3035 1068 3089 judicetur.
1119 3033 1286 3083 Quodsi
1304 3034 1441 3089 aliqui
1460 3034 1609 3075 indole
1630 3034 1801 3089 ingenii
1819 3034 1874 3075 ad
1892 3048 2080 3089 magnos

496 3119 504 3137 ¹
532 3129 584 3162 pr.
611 3117 640 3151 si
668 3123 744 3152 aut.
771 3119 794 3150 f.
