2148 3402
300 184 369 219 Sel.
396 185 525 220 Petrus
552 185 717 220 canisius
744 185 832 220 iiber
858 184 968 220 theol.
995 183 1251 229 Nachbildung
1277 185 1378 220 eines
1405 185 1585 222 Priesters
1614 188 1703 222 1589
1793 178 1880 220 519

144 302 361 359 pietatem
393 303 441 345 in
471 317 518 345 se
557 302 630 345 uel
670 302 770 359 alijs
809 300 1095 344 excitandam
1135 306 1271 358 atque
1318 304 1571 359 augendam
1602 304 1882 348 inflammare

146 374 447 429 contendunt,
488 372 864 430 quemadmodum
901 371 1047 415 diuini
1084 372 1213 414 uerbi
1250 374 1643 420 concionatoribus
1683 375 1879 418 maxime

144 445 372 502 competit.
435 445 699 488 Cauendum
730 443 932 499 interim,
970 457 1026 486 ne
1065 448 1194 486 tanto
1226 444 1417 487 Patrum
1449 460 1597 488 amore
1630 447 1875 504 capiamur,

143 519 196 557 ut
224 515 493 557 recentiores
538 515 650 557 alios
680 515 931 570 Theologos
976 513 1284 570 negligamus,
1330 515 1422 571 qui,
1456 517 1635 558 tametsi
1675 531 1878 559 sermone

143 599 195 627 ac
233 584 494 642 eloquentia
532 586 682 628 minus
721 585 915 639 ualeant,
962 589 1115 627 tamen
1152 585 1390 628 clariorem
1436 591 1481 628 et
1527 587 1876 630 evidentiorem1

141 655 288 699 lucem
319 657 564 699 ostendunt
596 657 644 699 in
676 656 759 711 his,
792 671 905 712 quae
937 655 994 698 ad
1033 660 1153 698 certa
1180 655 1399 713 firmaque
1428 656 1536 699 fidei
1562 657 1777 714 dogmata
1806 673 1878 701 co-

142 727 400 783 gnoscenda
432 731 477 770 et
508 727 778 770 stabilienda
809 731 1029 784 spectant.
1077 726 1202 769 Adeo
1234 727 1392 783 magni
1422 728 1632 783 interest,
1665 734 1729 783 ut,
1762 744 1876 786 quae

143 797 341 854 Spiritus
374 797 566 840 Sanctus
597 797 646 839 in
677 797 998 854 posterioribus
1031 798 1245 854 Concilijs
1277 802 1410 855 atque
1441 799 1715 841 Doctoribus
1754 800 1879 842 lucu-

140 868 305 910 lentius
342 867 571 922 definiuit,
617 868 763 910 bonus
800 867 1057 924 Theologus
1104 869 1310 926 inprimis
1357 870 1578 912 obseruet.
1641 871 1874 927 Legantur

138 939 296 981 Patres
314 938 573 995 frequenter
601 939 657 982 ab
680 939 771 993 his,
811 939 976 995 quibus
1008 940 1118 984 satis
1159 941 1240 997 otij
1275 946 1498 998 superest,
1532 946 1583 983 ut
1616 941 1689 998 pie
1722 941 1874 997 graui-

137 1014 291 1066 terque
320 1010 555 1067 loquentes
585 1010 687 1052 illos
719 1009 928 1065 audiant,
971 1025 1024 1053 ac
1055 1011 1182 1054 uelut
1215 1011 1361 1055 diuini
1394 1013 1592 1071 Spiritus
1624 1027 1796 1069 organa
1828 1017 1872 1056 et

136 1080 309 1124 lumina
340 1081 566 1123 Ecclesiae
597 1080 883 1137 splendentia
914 1088 1214 1127 reuereantur.

276 1151 395 1194 Nec²
424 1165 586 1208 parum
616 1150 821 1204 interest,
865 1166 975 1208 quos
1017 1157 1188 1195 ueteres
1223 1154 1354 1196 nobis
1394 1154 1611 1210 legendos
1650 1168 1874 1211 propona-

134 1237 246 1265 mus.
309 1222 461 1265 Habet
490 1222 694 1280 proprios
724 1223 942 1265 Doctores
973 1223 1176 1266 Ecclesia
1213 1229 1312 1266 tum
1345 1225 1517 1268 Graeca
1556 1229 1654 1267 tum
1686 1225 1868 1268 Latina.

136 1295 252 1338 Cum
284 1294 357 1336 his
395 1294 660 1350 neutiquam
700 1292 991 1351 comparandi
1029 1298 1135 1336 sunt
1165 1295 1484 1351 Tertullianus,
1518 1295 1752 1352 Origenes,
1784 1296 1871 1339 Ar-

135 1365 312 1419 nobius,
346 1364 634 1418 Lactantius3
674 1365 723 1407 in
755 1379 946 1421 quorum
982 1365 1111 1408 libris
1151 1380 1320 1409 errores
1350 1381 1443 1410 non
1473 1367 1592 1409 leues
1624 1366 1871 1423 deprehen-

136 1436 303 1480 dimus.

276 1507 369 1550 Nos
401 1506 456 1549 de
490 1511 614 1551 certa
645 1507 899 1550 studiorum
918 1508 1104 1563 ratione,
1139 1524 1252 1564 quae
1275 1508 1523 1563 Sacerdoti,
1557 1509 1787 1551 Canonico
1819 1513 1867 1551 et

132 1578 336 1621 Parocho
368 1578 492 1621 domi
523 1593 574 1621 ac
605 1578 716 1620 foris
747 1594 840 1622 non
880 1593 1042 1636 parum
1078 1579 1296 1636 impedito
1338 1578 1551 1635 quadrat,
1592 1578 1868 1633 disserimus,

135 1654 180 1691 et
221 1648 371 1691 studia
408 1650 554 1705 magis
592 1650 842 1692 necessaria
880 1650 1192 1692 commendare
1231 1650 1436 1695 nitimur.
1501 1649 1733 1700 Quaenam
1772 1649 1865 1692 sint

132 1720 226 1775 illa,
258 1734 404 1776 rogas.
436 1720 663 1763 Nimirum
693 1725 745 1763 ut
776 1720 991 1764 mediocri
1020 1727 1119 1764 tum
1149 1721 1405 1764 Bibliorum
1436 1725 1535 1764 tum
1565 1721 1755 1763 Patrum
1795 1720 1856 1763 le-

134 1791 284 1834 ctione
317 1795 451 1847 atque
483 1791 742 1848 cognitione
778 1791 1046 1847 instructus,
1085 1806 1177 1834 non
1218 1791 1363 1834 solum
1402 1792 1524 1848 apud
1557 1791 1858 1846 Orthodoxos,

135 1862 212 1905 sed
242 1862 380 1904 etiam
411 1877 562 1904 coram
592 1862 852 1917 haereticis,
893 1864 931 1905 si
962 1863 1022 1905 sit
1052 1877 1176 1920 OPUS,
1211 1862 1470 1906 Catholicae
1501 1863 1607 1905 fidei
1637 1863 1861 1905 rationem

134 1933 258 1975 noris
300 1932 496 1975 reddere.
559 1933 635 1976 Ad
682 1948 817 1990 quam
853 1949 948 1976 rem
986 1933 1246 1991 Alphonsus
1292 1933 1346 1976 de
1390 1934 1567 1988 Castro,
1604 1934 1774 1976 Hosius
1814 1938 1860 1976 et

135 2003 396 2047 Lindanus3
443 2005 682 2061 praeclaris
729 2004 938 2061 operibus
989 2009 1146 2047 contra
1195 2004 1441 2047 haereticos
1488 2005 1621 2047 editis
1671 2004 1860 2047 mirifice

135 2075 380 2118 conferent.

276 2146 432 2202 Neque
464 2147 614 2189 minus
645 2160 756 2203 opus
794 2146 889 2189 fore
926 2145 1128 2200 uidetur,
1168 2150 1219 2189 ut
1260 2160 1423 2188 munus
1454 2146 1693 2202 pastoralis
1726 2145 1860 2203 officij

134 2217 360 2259 sustinens
392 2232 519 2274 saepe
551 2218 836 2273 multumque
859 2218 982 2273 legat
1002 2217 1056 2259 de
1078 2216 1320 2271 casibus,
1353 2222 1404 2259 ut
1426 2222 1604 2271 vocant,
1634 2217 1861 2259 conscien-

136 2288 239 2341 tiae,
288 2302 399 2343 quos
435 2288 667 2330 Nauarrus
716 2288 914 2331 maxima
961 2303 1062 2331 cum
1101 2288 1233 2331 laude
1274 2288 1605 2345 pertractauit4,
1645 2289 1861 2344 quoniam

134 2372 238 2401 uere
270 2358 439 2401 dictum
472 2363 537 2401 est
570 2374 596 2401 a
629 2359 849 2415 Gregorio
881 2360 1068 2416 Magno:
1102 2359 1190 2401 Ars
1222 2359 1391 2401 artium
1423 2363 1468 2400 et
1498 2359 1688 2401 scientia
1718 2359 1861 2401 scien-

136 2429 302 2471 tiarum
333 2444 438 2472 cura
469 2430 734 2473 animarum.
798 2430 986 2473 Illorum
1026 2445 1132 2473 sane
1170 2432 1508 2487 praeposterum
1547 2434 1614 2471 est
1646 2428 1863 2483 studium,

135 2502 214 2557 qui
253 2504 404 2556 acuta,
451 2501 661 2544 sublimia
704 2506 749 2544 et
792 2500 984 2543 mirifica
1025 2501 1249 2557 quaedam
1288 2500 1337 2542 in
1368 2500 1504 2542 sacris
1534 2501 1859 2557 peruestigant,

136 2576 182 2614 et
212 2572 364 2614 nescio
398 2572 515 2615 circa
546 2587 655 2628 quos
687 2572 798 2615 coeli
831 2572 1033 2615 cardines
1065 2572 1287 2614 laboriose
1308 2575 1564 2627 uersantur,
1598 2587 1757 2630 parum
1788 2572 1860 2613 in·

284 2783 295 2803 ²
321 2783 452 2818 Zuerst
477 2793 545 2818 nur
570 2784 742 2819 maiorem
769 2785 903 2829 lucem3
940 2785 997 2820 die
1024 2785 1156 2820 andere
1182 2785 1354 2828 Fassung
1385 2794 1466 2819 vom
1494 2795 1522 2821 s.
1550 2783 1718 2819 Canisius
1745 2782 1861 2817 selbst

134 2842 472 2886 hineinkorrigiert.

279 2901 292 2920 ²
315 2901 443 2936 Dieses
469 2901 600 2937 Alinea
627 2912 707 2937 vom
732 2903 795 2937 sel.
822 2903 991 2938 Oanisius
1019 2903 1134 2937 selbst
1160 2902 1224 2937 auf
1246 2902 1327 2937 dem
1353 2901 1483 2937 Raude
1510 2900 1729 2946 beigesetzt.

282 2960 295 2979 ²
319 2960 386 2994 Die
412 2959 542 2995 beiden
568 2961 748 2996 letzteren
773 2972 840 2996 von
855 2962 943 2997 Can.
969 2962 1173 3006 beigesetzt
1200 2961 1272 2996 und
1299 2960 1357 2996 die
1384 2960 1582 3005 folgenden
1596 2960 1744 2994 Numeri
1760 2959 1857 2994 dem-

135 3019 275 3063 gemass
302 3019 510 3055 verandert.

278 3078 290 3096 ⁴
315 3079 389 3112 Der
413 3078 642 3114 Relativsatz
670 3088 738 3113 von
764 3078 827 3114 der
851 3079 957 3114 Hand
984 3079 1046 3114 des
1072 3079 1250 3115 Canisius.
