2084 3441
291 147 349 190 60
465 156 577 194 Ratio
604 160 807 196 studiorum
832 164 870 196 et
893 161 1147 197 institutiones
1174 161 1414 197 scholasticae
1441 161 1636 198 Societatis
1663 162 1753 199 Jesu
1777 163 1817 198 II

289 286 486 342 gratiam
519 283 775 342 adoptionis
807 282 1074 325 sublimetur
1105 281 1162 323 ad
1192 285 1361 324 statum
1383 281 1621 324 Deificum.
1679 283 1818 338 Dicit,
1849 298 1982 341 opera

290 357 727 400 Cathecumenorum
751 353 862 412 [sic],
883 357 935 396 vt
955 352 1116 395 Fidem
1137 356 1183 394 et
1205 352 1532 408 poenitentiam
1553 356 1658 395 ante
1673 354 1983 397 remissionem

288 432 576 486 peccatorum
606 427 790 479 factam,
824 438 916 466 esse
948 422 1068 465 vitae
1102 426 1308 465 aeternae
1338 423 1513 479 merita,
1549 439 1685 480 quam
1713 424 1859 468 vitam
1888 441 1982 468 non

289 504 616 556 consequentur
654 494 989 548 Cathecumeni,
1028 492 1117 535 nisi
1148 493 1273 551 prius
1312 494 1675 551 praecedentium
1715 495 1984 539 delictorum

287 571 610 629 impedimenta
645 569 877 611 tollantur.
925 565 1119 608 Videtur
1157 564 1402 621 insinuare,
1446 566 1568 622 quod
1607 581 1741 624 opera
1778 567 1983 611 iustitiae

288 647 334 685 et
383 641 720 699 temperantiae,
773 653 887 694 quae
943 636 1146 679 Christus
1201 636 1322 692 fecit,
1385 652 1440 679 ex
1492 637 1717 693 dignitate
1767 652 1982 695 personae

288 713 518 771 operantis
549 726 641 754 non
672 709 896 753 traxerint
925 708 1141 750 maiorem
1171 708 1384 750 valorem.
1446 708 1638 751 Nullum
1661 712 1728 751 est
1747 712 1983 766 peccatum

288 799 341 826 ex
387 788 550 826 natura
597 797 677 824 sua
719 780 908 834 veniale,
957 779 1034 821 sed
1083 793 1213 821 omne
1264 783 1500 836 peccatum
1548 784 1745 822 meretur
1791 794 1983 837 poenam

289 859 530 898 aeternam.
574 853 815 895 Humanae
840 856 1029 893 naturae
1050 850 1312 893 sublimatio
1333 855 1377 893 et
1398 850 1616 893 exaltatio
1640 851 1688 893 in
1708 851 1983 894 consortium

287 926 482 968 Diuinae
525 928 713 967 naturae
754 922 908 966 debita
949 922 1038 964 fuit
1081 922 1339 978 integritati
1385 922 1556 979 primae
1603 922 1890 976 conditionis,
1937 926 1983 965 et

287 997 473 1054 proinde
504 995 725 1038 naturalis
756 994 948 1037 dicenda
979 998 1058 1048 est,
1092 998 1136 1035 et
1172 1007 1265 1035 non
1305 993 1671 1050 supernaturalis.
1742 994 1858 1037 Cum
1896 994 1980 1036 Pe-

286 1068 408 1124 lagio
440 1067 644 1110 sentiunt
676 1066 755 1123 qui
785 1070 965 1108 textum
987 1064 1197 1122 Apostoli
1229 1065 1286 1107 ad
1307 1065 1499 1107 Roman.
1548 1068 1587 1109 2.
1624 1066 1833 1121 „Gentes,
1866 1080 1981 1121 quae

286 1139 432 1195 legem
463 1153 555 1181 non
586 1137 769 1191 habent,
801 1137 1070 1180 naturaliter
1108 1152 1221 1192 quae
1265 1136 1377 1192 legis
1413 1141 1521 1179 sunt
1557 1136 1774 1192 faciunt,“
1812 1135 1982 1179 intelli-

286 1214 403 1265 gunt
435 1209 489 1252 de
527 1208 739 1265 gentibus
777 1207 908 1250 Fidei
942 1208 1140 1264 gratiam
1178 1223 1271 1250 non
1310 1208 1597 1250 habentibus.
1667 1207 1878 1250 Absurda
1915 1212 1983 1250 est

287 1295 441 1323 eorum
484 1280 718 1335 sententia,
765 1279 845 1336 qui
882 1279 1054 1333 dicunt,
1100 1279 1329 1322 hominem
1373 1280 1429 1322 ab
1470 1279 1602 1322 initio
1635 1279 1753 1322 dono
1786 1278 1981 1336 quodam

285 1352 618 1409 supernaturali
649 1356 694 1394 et
724 1352 928 1408 gratuito
960 1366 1097 1409 supra
1125 1351 1430 1394 conditionem
1460 1356 1650 1393 naturae
1687 1350 1825 1393 fuisse
1863 1350 1983 1393 exal-

174 1449 203 1472 ρ.
225 1440 268 1468 58.
291 1428 452 1478 tatum,
491 1424 497 1480 Ι
524 1428 576 1467 vt
608 1423 733 1479 Fide,
776 1423 876 1480 Spe,
911 1423 1144 1466 Charitate
1174 1422 1322 1464 Deum
1360 1421 1766 1479 supernaturaliter
1802 1421 1980 1466 coleret.

285 1495 328 1537 A
369 1495 500 1538 vanis
543 1500 588 1537 et
629 1495 786 1538 otiosis
825 1494 1087 1537 hominibus
1133 1493 1382 1536 secundum
1427 1493 1740 1551 insipientiam
1777 1493 1981 1536 Philoso-

285 1565 479 1623 phorum
510 1566 767 1622 excogitata
798 1571 865 1608 est
896 1566 1136 1620 sententia,
1168 1565 1414 1608 Hominem
1446 1565 1502 1607 ab
1538 1564 1669 1607 initio
1708 1564 1772 1607 sic
1815 1563 1981 1607 consti-

284 1642 448 1692 tutum,
479 1641 533 1679 vt
562 1652 640 1694 per
671 1637 791 1680 dona
828 1642 1017 1680 naturae
1056 1638 1348 1694 superaddita
1390 1637 1528 1680 fuerit
1564 1636 1778 1693 largitate
1816 1635 1982 1679 Condi-

283 1708 396 1750 toris
428 1709 699 1751 sublimatus
737 1713 782 1751 et
818 1709 866 1752 in
898 1710 984 1751 Dei
1016 1709 1163 1751 filium
1195 1709 1450 1767 adoptatus.
1512 1709 1575 1751 Et
1613 1708 1671 1750 ad
1702 1706 1982 1763 Pelagianis-

283 1794 408 1821 mum
438 1779 682 1836 reijcienda
712 1785 781 1822 est
811 1781 891 1823 illa
922 1780 1158 1824 sententia:
1194 1781 1359 1825 Omnia
1396 1794 1531 1837 opera
1573 1778 1834 1822 Infidelium
1870 1783 1978 1822 sunt

282 1856 478 1908 peccata,
511 1856 556 1894 et
588 1852 967 1909 Philosophorum
998 1853 1191 1895 virtutes
1224 1857 1329 1895 sunt
1350 1852 1478 1895 vitia.
1539 1851 1786 1907 Integritas
1806 1849 1977 1908 primae

283 1923 522 1966 creationis
552 1938 644 1966 non
675 1924 764 1967 fuit
794 1924 1000 1967 indebita
1030 1924 1255 1967 humanae
1274 1929 1463 1967 naturae
1484 1923 1716 1978 exaltatio,
1750 1922 1827 1965 sed
1845 1927 1977 1965 natu-

283 1995 391 2037 ralis
422 1995 517 2038 eius
549 1995 762 2050 conditio,
807 2011 943 2052 quam
975 1996 1248 2038 sententiam
1278 1995 1442 2052 repetit
1472 2000 1516 2038 et
1543 1995 1707 2052 probat
1736 2009 1816 2051 per
1845 1994 1977 2051 plura

283 2066 507 2123 Capitula.
570 2067 784 2110 Liberum
817 2067 1053 2110 arbitrium
1085 2067 1180 2110 sine
1211 2067 1385 2123 gratiae
1415 2067 1501 2110 Dei
1531 2066 1756 2109 adiutorio
1776 2080 1867 2108 non
1888 2065 1978 2107 nisi

282 2138 339 2180 ad
370 2139 648 2196 peccandum
679 2140 815 2182 valet.
878 2141 1154 2196 Pelagianus
1185 2143 1252 2182 est
1283 2153 1403 2182 error
1433 2138 1592 2192 dicere,
1632 2137 1753 2193 quod
1783 2136 1976 2179 liberum

283 2210 522 2253 arbitrium
553 2211 677 2254 valet
707 2211 764 2253 ad
795 2211 940 2254 vllum
971 2215 1205 2268 peccatum
1227 2209 1484 2253 vitandum.
1545 2209 1651 2252 Non
1681 2207 1827 2251 solum
1853 2207 1976 2250 fures

282 2281 312 2338 ij
355 2286 461 2324 sunt
499 2286 544 2325 et
581 2283 791 2338 latrones,
838 2282 917 2339 qui
961 2282 1194 2325 Christum
1230 2281 1355 2325 viam
1392 2285 1437 2323 et
1477 2279 1644 2323 ostium
1681 2279 1891 2322 veritatis
1931 2283 1977 2321 et

283 2353 405 2397 vitae
436 2358 621 2409 negant,
655 2354 733 2396 sed
765 2354 902 2396 etiam
941 2354 1196 2410 quicunque
1228 2353 1424 2408 aliunde,
1457 2367 1592 2408 quam
1623 2366 1701 2409 per
1733 2351 1977 2405 Christum,

282 2423 331 2466 in
362 2424 484 2467 viam
515 2424 731 2480 iustitiae,
770 2424 856 2467 hoc
886 2429 966 2479 est,
1004 2424 1062 2467 ad
1094 2424 1294 2481 aliquam
1324 2424 1547 2467 iustitiam
1578 2423 1816 2466 conscendi
1846 2438 1975 2481 posse

283 2494 454 2550 dicunt,
495 2500 574 2539 aut
611 2495 855 2539 tentationi
886 2496 971 2539 vlli
1004 2496 1100 2538 sine
1131 2496 1306 2552 gratiae
1336 2495 1478 2553 ipsius
1510 2494 1736 2537 adiutorio
1772 2494 1974 2537 resistere

282 2565 511 2609 hominem
542 2582 682 2624 posse,
715 2568 780 2609 sic
811 2571 863 2610 vt
892 2567 942 2609 in
973 2582 1072 2610 eam
1103 2582 1196 2610 non
1226 2566 1480 2621 inducatur,
1515 2570 1594 2608 aut
1626 2566 1682 2608 ab
1715 2580 1766 2608 ea
1797 2580 1974 2623 supere-

281 2641 368 2680 tur.
440 2638 648 2681 Charitas
685 2638 885 2696 perfecta
922 2642 967 2681 et
1004 2638 1189 2694 sincera,
1237 2653 1351 2695 quae
1391 2641 1458 2680 est
1497 2652 1551 2680 ex
1589 2637 1723 2680 corde
1768 2651 1881 2695 puro
1928 2641 1974 2680 et

283 2709 556 2752 conscientia
584 2710 705 2752 bona
736 2714 782 2752 et
811 2710 900 2753 fide
931 2726 1024 2753 non
1055 2710 1164 2753 ficta
1194 2715 1288 2752 tam
1310 2709 1360 2752 in
1380 2709 1737 2764 Cathecumenis,
1767 2723 1904 2765 quam
1924 2708 1974 2751 in

281 2779 633 2836 poenitentibus,
672 2785 821 2838 potest
858 2796 950 2824 esse
981 2782 1077 2824 sine
1107 2781 1367 2824 remissione
1399 2784 1700 2839 peccatorum.
1762 2779 1972 2823 Charitas

282 2850 375 2905 illa,
409 2865 521 2906 quae
553 2856 619 2894 est
648 2852 886 2909 plenitudo
918 2852 1045 2909 legis,
1076 2867 1170 2894 non
1201 2857 1269 2895 est
1298 2867 1470 2909 semper
1502 2852 1745 2895 coniuncta
1774 2866 1876 2893 cum
1905 2865 1972 2893 re-

285 2921 497 2964 missione
527 2927 826 2979 peccatorum.
890 2923 1250 2966 Cathecumenus
1277 2923 1409 2978 iuste,
1445 2927 1565 2966 recte
1596 2927 1641 2966 et
1671 2926 1823 2966 sancte
1853 2922 1974 2966 viuit

284 2998 330 3036 et
361 2993 579 3036 mandata
610 2994 695 3036 Dei
726 2994 948 3049 obseruat,
989 3009 1041 3037 ac
1071 2995 1217 3051 legem
1246 2994 1407 3052 implet
1436 3009 1515 3052 per
1545 2993 1828 3049 charitatem,
1867 2998 1971 3037 ante

172 3091 199 3114 p.
222 3083 265 3108 ⁵⁹.
288 3064 520 3108 obtentam
567 3065 874 3108 remissionem
922 3070 1219 3124 peccatorum,
1267 3080 1382 3123 quae
1426 3065 1476 3108 in
1506 3065 1731 3124 Baptismi
1756 3068 1763 3120 1
1790 3065 1970 3109 lauacro
