2143 3462
57 440 121 472 Q.l.
145 442 209 467 Α,1.
231 442 335 472 p.10(.³.

61 2794 322 2825 Q.4.A.1.p.11«›.

341 153 397 196 90
528 161 643 197 Ratio
670 163 874 198 studiorum
901 168 938 198 et
961 162 1217 198 institutiones
1245 162 1487 198 scholasticae
1513 161 1709 197 Societatis
1735 161 1824 198 Jesu
1849 161 1888 197 ΙΙ

934 330 1005 379 Ex
1043 331 1205 378 Prima
1243 329 1398 378 Secun
1409 329 1514 378 dae.

480 425 568 467 Hic
606 425 743 479 nihil,
789 429 868 466 aut
911 423 1172 465 breuissime
1219 421 1525 464 disserendum
1573 425 1640 464 est
1678 422 1745 463 De
1783 422 2033 466 deliberata

339 496 589 545 voluntate,
613 497 680 538 De
704 510 921 538 consensu
944 494 1141 551 perfecto
1165 497 1209 534 et
1230 492 1508 549 imperfecto,
1530 497 1575 534 et
1597 492 1706 549 quid
1729 493 1788 535 sit
1807 493 2035 537 hominem

340 582 431 607 esse
466 567 694 609 domiuum
731 581 911 608 suarum
945 567 1193 615 actionum;
1225 563 1334 605 haec
1367 564 1486 606 enim
1518 565 1668 606 locum
1702 579 1832 606 suum
1864 565 2033 607 habent

339 637 540 679 inferius.
604 639 717 679 Item
758 637 873 679 nihil
911 637 983 678 hic
1022 635 1198 677 dicatur
1235 634 1289 676 de
1330 635 1596 677 causalitate
1635 635 1760 689 finis3
1808 640 1874 678 est
1915 637 2034 678 enim

340 709 541 763 quaestio
576 709 788 765 Physica.

480 782 553 822 An
597 781 718 821 Deus
764 784 871 834 agat
918 782 1102 834 propter
1144 777 1302 831 finem,
1350 777 1545 834 pertinet
1590 777 1646 819 ad
1689 780 1726 821 1.
1759 778 1943 820 Partem
1986 777 2035 820 in

338 853 528 893 materia
552 851 603 892 de
627 851 864 893 voluntate
886 849 983 890 Dei.
1046 849 1166 890 Item
1188 852 1340 890 vtrum
1365 853 1529 890 natura
1549 853 1658 904 agat
1678 853 1862 905 propter
1883 849 2034 904 finem,

340 923 543 977 quaestio
566 921 887 978 Philosophica
916 925 993 962 est.
1056 919 1207 975 Igitur
1235 919 1289 961 de
1317 919 1387 962 his
1413 920 1528 961 nihil
1556 919 1641 962 hoc
1666 920 1764 962 loco
1795 920 2035 963 dicendum

338 993 532 1035 Videtur.

482 1064 744 1106 Cauendum
778 1068 855 1117 est,
888 1079 943 1105 ne
974 1063 1048 1105 hic
1080 1066 1124 1104 et
1156 1062 1344 1104 inferius
1365 1062 1518 1104 eadem
1542 1062 1742 1118 quaestio
1766 1062 2033 1120 disputetur,

338 1151 520 1191 nempe:
561 1136 726 1177 Vtrum
760 1141 884 1177 actus
916 1134 1111 1176 hominis
1143 1134 1366 1190 recipiant
1398 1134 1587 1190 speciem
1629 1149 1654 1176 a
1685 1134 1787 1176 fine.
1849 1135 2037 1177 Leuiter

338 1207 480 1262 igitur
510 1207 584 1248 1110
617 1206 883 1261 attingatur,
917 1210 960 1248 et
982 1206 1112 1262 plene
1134 1205 1380 1248 disseratur
1411 1205 1611 1248 inferius

481 1278 715 1327 Quomodo
748 1278 914 1319 bonum
940 1277 999 1318 sit
1019 1277 1089 1319 sui
1111 1276 1387 1330 diffusivum,
1420 1291 1513 1318 non
1533 1277 1790 1333 disputetur
1816 1277 1900 1320 1100
1921 1278 2034 1321 1000.

479 1350 563 1392 Vel
586 1351 835 1403 omittatur,
865 1349 937 1391 vel
959 1348 1221 1405 compendio
1243 1352 1506 1405 exponatur,
1539 1364 1641 1391 cum
1667 1354 1764 1391 tota
1791 1348 1838 1391 in
1861 1349 2037 1391 Ethicis

339 1421 603 1462 Aristotelis
637 1422 935 1463 contineatur.

479 1493 553 1534 An
591 1493 712 1534 Deus
752 1493 960 1535 videatur
1005 1507 1031 1534 a
1061 1492 1216 1533 Beatis
1259 1491 1428 1534 visione
1466 1491 1554 1533 Dei
1592 1490 1807 1546 increata,
1848 1490 1923 1534 1110
1964 1506 2037 1534 ex-

339 1563 545 1619 plicetur,
578 1579 670 1605 non
702 1564 751 1605 in
785 1568 822 1608 1.
856 1565 1005 1606 Parte.

481 1635 555 1676 An
599 1635 782 1678 habitus
828 1636 887 1677 sit
929 1635 1088 1676 melior
1131 1649 1210 1676 suo
1252 1638 1375 1688 actu,
1422 1649 1515 1676 non
1557 1633 1740 1676 Videtur
1785 1633 1860 1676 hic
1898 1634 2038 1691 expli-

340 1706 547 1759 candum,
582 1722 680 1748 cum
706 1707 764 1748 sit
785 1706 837 1756 Q.
860 1706 1191 1762 Philosophica,
1226 1710 1269 1747 et
1299 1705 1489 1747 inferius
1521 1705 1687 1746 habeat
1720 1720 1850 1747 suum
1871 1706 2036 1748 10011111.

481 1778 548 1819 De
581 1778 855 1835 perfectione
887 1793 1097 1819 sensuum
1129 1777 1177 1819 in
1197 1791 1377 1833 corpore
1410 1776 1606 1832 glorioso
1640 1776 1825 1833 eiusque
1856 1777 2038 1820 dotibus

340 1849 414 1891 hic
457 1853 500 1890 et
538 1849 589 1898 Q.
623 1853 662 1893 4.
698 1851 752 1891 A.
787 1853 825 1894 6.
861 1849 1033 1904 aliquid
1075 1849 1265 1903 dicatur,
1304 1848 1343 1890 si
1378 1852 1526 1903 vacat,
1565 1863 1667 1890 011111
1706 1848 1763 1890 ad
1801 1848 2037 1891 materiam

342 1921 395 1962 de
428 1921 686 1962 nouissimis
730 1935 822 1963 non
853 1920 1155 1977 perueniatur.
1219 1920 1334 1961 Item
1373 1934 1431 1961 an
1459 1919 1582 1961 Deus
1613 1918 1760 1962 videri
1788 1920 1930 1976 possit
1960 1934 2039 1976 per

342 1992 537 2048 aliquem
570 2007 762 2047 sensum,
796 2007 872 2034 seu
895 1991 1159 2033 sensitiuam
1178 1990 1402 2045 notitiam,
1436 2004 1528 2032 non
1549 1989 1637 2045 hic,
1670 1990 1817 2032 sedin
1839 1988 1876 2034 1}
1900 1991 2036 2033 Parte

342 2063 598 2105 disseratur.

482 2136 537 2176 In
560 2150 648 2191 quo
672 2137 889 2178 consistat
910 2149 1085 2177 summa
1106 2133 1286 2175 miseria
1306 2133 1637 2188 damnatorum,
1667 2147 1760 2175 non
1783 2133 2036 2191 explicetur

340 2205 425 2247 hoc
456 2205 567 2260 loco,
602 2206 678 2248 sed
709 2206 912 2261 inferius,
944 2206 1025 2248 ubi
1057 2205 1112 2247 de
1144 2220 1289 2262 poena
1319 2205 1493 2262 peccati
1525 2205 1690 2260 agitur.

482 2277 609 2319 Nihil
647 2278 823 2319 dicatur
862 2278 916 2319 de
954 2277 1191 2319 intellectu
1221 2276 1420 2333 practico
1460 2280 1504 2317 et
1535 2276 1827 2333 speculatiuo,
1865 2291 1948 2318 1100
1980 2275 2035 2319 de

341 2348 470 2403 praxi
502 2353 546 2389 et
577 2350 897 2405 speculatione.

484 2419 736 2461 Omittatur
767 2421 840 2463 vel
871 2421 1068 2463 breuiter
1098 2420 1357 2475 attingatur
1378 2418 1583 2462 Caietani
1609 2419 1956 2462 commentarius
1986 2419 2033 2462 in

340 2488 461 2532 hunc
490 2491 652 2533 locum.

485 2562 550 2603 De
596 2563 769 2605 obiecto
807 2564 1085 2618 intellectus,
1127 2568 1171 2605 et
1208 2568 1361 2605 utrum
1399 2562 1551 2604 anima
1587 2561 1856 2604 naturaliter
1893 2562 2036 2618 possit

342 2645 606 2687 cognoscere
646 2634 923 2676 substantias
961 2639 1209 2692 separatas,
1251 2648 1342 2675 non
1381 2632 1635 2689 disputetur
1674 2633 1760 2675 hoc
1797 2633 1909 2688 loco,
1958 2633 2035 2675 sed

341 2703 622 2759 relinquatur
652 2705 950 2762 Philosophis.

487 2775 712 2830 Quicquid
769 2777 842 2819 hic
907 2777 1062 2819 disseri
1120 2777 1233 2819 solet
1292 2777 1346 2818 de
1405 2775 1658 2817 differentia
1710 2774 2033 2830 delectationis,

345 2846 521 2900 amoris,
564 2852 608 2888 et
647 2846 892 2903 fruitionis,
938 2849 1171 2890 differatur
1208 2848 1257 2889 in
1298 2848 1349 2896 Q.
1383 2847 1438 2888 de
1470 2846 1562 2888 frui
1601 2850 1646 2888 et
1675 2846 1757 2889 uti.
1820 2846 1938 2888 Item
1974 2861 2034 2889 an

344 2933 445 2960 cum
478 2918 650 2961 visione
682 2919 767 2960 Dei
798 2919 938 2976 possit
976 2919 1128 2975 aliquo
1166 2919 1299 2960 modo
1331 2922 1448 2960 stare
1478 2917 1681 2972 tristitia,
1718 2917 1948 2973 reijciatur
1983 2918 2034 2960 in

345 2993 384 3033 3.
419 2991 620 3044 Partem,
652 2990 731 3031 ubi
765 2990 1009 3046 quaeritur,
1050 3005 1108 3031 an
1140 2989 1346 3031 Christus
1379 2988 1625 3031 secundum
1655 2987 1875 3030 rationem
1907 3003 2034 3046 supe-

344 3061 506 3103 riorem
536 3076 690 3117 passus
723 3062 793 3103 sit.
