2089 3381
556 615 727 679 Ratio
771 616 968 693 Atqve
1013 616 1331 680 Institutio

758 709 1110 773 Studiorum

658 820 752 868 Per
792 819 887 869 Sex
927 821 1212 869 Panes.Ad

173 911 222 952 id
254 911 377 954 iussu
409 913 464 954 R.
497 913 546 954 P.
580 913 835 969 Praepositi
868 914 1102 956 Generalis
1137 913 1375 971 deputatos
1409 912 1705 969 conscripta.1

803 1019 847 1081 I.
893 1019 961 1083 H.
1009 1020 1062 1084 S.

831 1139 1046 1180 Romae.

365 1220 422 1262 In
455 1220 657 1276 Collegio
691 1221 930 1263 Societatis
963 1221 1078 1262 Iesu.
1133 1221 1265 1263 Anno
1298 1222 1497 1263 Domini.

728 1305 788 1345 M.
805 1305 860 1346 D.
874 1304 1145 1347 LXXXVI.

495 1424 626 1465 Cum
659 1423 957 1465 Facultate
991 1423 1369 1480 Superiorum.

771 1679 1010 1728 Lectori
1050 1678 1095 1727 S.

247 1773 315 1822 De
348 1778 471 1819 omni
503 1776 757 1819 studiorum
787 1778 963 1819 ratione
989 1777 1234 1820 disseruere
1265 1794 1341 1820 sex
1373 1780 1579 1836 deputati
1601 1780 1774 1833 Patres,
1796 1806 1826 1829 p.
1849 1805 1872 1822 ο.

79 1864 192 1904 quae
237 1849 294 1890 ad
336 1864 434 1890 eam
474 1864 569 1890 rem
619 1849 815 1889 maxime
866 1848 1016 1890 facere
1067 1849 1280 1892 arbitrati
1321 1857 1440 1893 sunt.
1511 1852 1672 1894 Visum
1717 1855 1784 1892 est

78 1925 232 1961 tamen
266 1921 321 1964 R.
345 1921 395 1961 P.
418 1919 684 1975 Praeposito
719 1920 942 1973 Generali,
986 1935 1087 1962 cum
1119 1921 1204 1963 hoc
1245 1937 1356 1977 opus
1394 1922 1585 1963 arduum
1624 1923 1696 1975 sit,
1737 1927 1782 1963 et

76 1991 126 2032 in
156 1990 386 2046 publicam
417 1989 559 2031 totius
593 1989 832 2031 Societatis
864 1991 1112 2032 vtilitatem
1131 1992 1413 2047 instituatur,
1448 2008 1536 2048 quo
1560 1998 1603 2034 et
1627 1994 1783 2048 aequi-

79 2062 234 2103 oribus
267 2062 429 2103 animis
460 2060 727 2117 excipiatur,
759 2066 804 2103 et
835 2066 1052 2118 perpetua
1072 2063 1310 2106 sedulitate
1332 2069 1632 2113 conseruetur,
1667 2065 1785 2106 nihil

78 2132 266 2174 firmiter
315 2132 501 2173 definire
547 2132 684 2188 prius,
733 2147 869 2187 quam
921 2133 1123 2175 omnium
1170 2135 1517 2177 Prouinciarum
1564 2135 1784 2177 Doctores

77 2203 234 2257 nostri,
276 2203 386 2259 quid
425 2203 479 2245 de
519 2206 617 2244 tota
655 2218 701 2244 re
739 2203 1028 2257 arbitrentur,
1070 2210 1311 2260 exponant.
1373 2206 1475 2247 Hoc
1511 2206 1666 2260 itaque
1707 2219 1785 2247 vo·-

78 2275 231 2317 lumen
265 2275 585 2331 deputatorum
604 2276 794 2316 Patrum
827 2290 961 2331 opera
993 2274 1247 2317 confectum
1280 2277 1402 2332 typis
1434 2276 1566 2317 iussit
1598 2276 1780 2318 excudi:

78 2362 171 2388 non
202 2351 253 2388 ut
285 2357 506 2403 tanquam
536 2347 671 2402 plane
704 2347 952 2387 constituta
982 2347 1074 2388 iam
1105 2362 1175 2388 res
1214 2347 1504 2389 induceretur
1535 2348 1583 2388 in
1624 2362 1782 2403 mores,

79 2417 155 2459 sed
187 2433 276 2473 quo
309 2418 564 2474 expeditius
595 2417 740 2459 multa
778 2422 1068 2473 suppeterent
1107 2419 1325 2474 exempla,
1365 2433 1494 2473 quae,
1524 2418 1575 2460 in
1606 2432 1785 2460 omnem

44 2477 50 2483 ’
81 2488 353 2531 Societatem
385 2488 583 2542 dimissa,
617 2488 736 2529 sicut
767 2503 793 2529 a
819 2488 1028 2530 Romano
1050 2489 1141 2530 iam
1164 2489 1367 2544 Collegio
1390 2489 1638 2544 dijudicata
1661 2494 1782 2543 sunt,

78 2560 145 2600 ita
178 2563 223 2600 et
254 2575 279 2601 a
311 2559 657 2600 Prouinciarum
677 2559 951 2601 Doctoribus
973 2563 1366 2615 recognoscantur.
1429 2559 1519 2608 Qui
1542 2564 1784 2616 postquam

79 2630 274 2671 Romam
304 2629 654 2686 perscripserint,
689 2645 892 2685 quaecun
921 2632 925 2685 1
955 2646 1039 2685 que
1066 2631 1120 2672 de
1143 2635 1239 2672 tota
1260 2645 1306 2672 re
1329 2631 1561 2685 senserint,
1594 2631 1780 2672 tandem
1800 2657 1829 2680 p.
1850 2650 1879 2673 d.

82 2716 107 2742 a
138 2701 194 2742 R.
217 2701 267 2741 P.
292 2701 557 2756 Praeposito
581 2701 805 2755 Generali,
829 2701 997 2742 auditis
1019 2702 1363 2744 Prouinciarum
1388 2701 1640 2757 sententijs,
1673 2702 1784 2758 quid

81 2772 306 2827 optimum
337 2771 464 2813 factu
496 2772 570 2826 sit,
605 2772 883 2814 decernetur.

227 3043 237 3062 ¹
269 3042 374 3078 Altes
399 3041 784 3080 Bibliothekzeichen:
814 3044 971 3090 Collegii
998 3045 1077 3081 Soc.
1105 3046 1195 3081 Jesu
1221 3045 1361 3083 Trevir.
