2148 3402
274 180 342 215 Sel.
369 180 500 214 Petrus
526 178 696 215 Ganisius
722 178 809 213 iiber
835 177 947 212 theol.
974 175 1232 221 Nachbildung
1260 175 1360 210 eines
1387 174 1568 210 Priesters
1597 174 1695 209 1589.
1757 163 1842 206 515

125 299 278 355 gantis
308 298 450 355 ipsius
483 297 697 351 animum,
729 310 933 353 scopum,
972 293 1205 349 ingenium
1244 296 1377 348 atque
1409 306 1575 334 morem
1606 291 1653 332 in
1685 291 1843 347 studijs

128 368 417 426 quotidianis.
481 368 598 410 Sunt
637 367 756 409 enim
802 367 916 422 varij
954 366 1176 422 planeque
1214 363 1467 417 dissimiles,
1508 363 1585 418 qui
1624 362 1758 404 sacris
1796 363 1843 403 in

123 439 264 483 literis
296 439 427 481 hodie
457 437 852 494 philosophantur:
888 435 1072 492 quidam
1104 434 1371 476 mediocrem
1403 434 1560 487 solum,
1594 433 1670 488 alij
1703 433 1843 475 excel—

122 511 289 553 lentem
318 508 589 564 Theologiae
621 507 925 562 cognitionem
958 505 1043 548 sibi
1064 518 1319 560 comparare
1349 508 1581 546 conantur.
1635 504 1842 559 Plerique

124 580 313 622 studiosi
343 594 502 636 parum
525 578 800 635 expendunt,
832 577 948 619 hanc
969 576 1169 619 omnium
1191 575 1355 617 artium
1378 589 1520 616 arcem
1545 590 1595 616 ac
1618 575 1839 630 Reginam

121 651 327 705 existere,
372 654 416 692 et
447 665 581 706 quam
618 648 868 691 imbecillos
904 647 991 704 ipsi
1028 646 1236 688 adferant
1272 645 1499 698 humeros,
1539 649 1591 687 ut
1629 646 1834 701 ingentia

122 722 284 778 quibus
315 721 449 763 multi
479 721 789 773 succumbunt,
822 718 1095 773 Theologiae
1116 717 1327 774 pondera,
1358 719 1410 758 ut
1432 716 1495 758 sic
1517 716 1676 770 dicam,
1709 716 1840 758 susti-

121 807 223 835 nere
254 792 438 849 possint.
487 791 669 834 Pondus
691 795 769 845 est,
790 790 980 832 Biblicis
1003 788 1145 831 literis
1168 803 1243 830 seu
1264 787 1552 843 Theologiae,
1585 792 1637 829 ut
1660 792 1840 841 uocant,

120 863 342 921 positiuae
372 863 539 905 iustam
571 877 751 918 operam
783 862 900 915 dare,
933 866 978 903 et
1008 861 1056 902 in
1087 860 1208 901 hunc
1239 875 1368 901 usum
1400 859 1659 913 linguarum
1687 858 1840 913 cogni-

121 935 241 977 tione
273 935 453 991 pollere.
514 934 699 976 Pondus
731 937 810 987 est,
843 930 1120 974 scholasticis
1152 930 1423 971 Doctoribus
1455 933 1587 984 atque
1618 928 1760 982 libris,
1794 929 1840 970 in

120 1006 280 1061 quibus
310 1005 555 1061 Theologia
594 1005 666 1047 uel
697 1004 891 1046 maxime
933 1003 1088 1044 florere
1128 1002 1260 1055 solet,
1299 1015 1344 1042 se
1383 1004 1531 1042 totum
1571 999 1839 1056 mancipare.

119 1076 301 1118 Pondus
333 1080 411 1130 est,
443 1076 492 1118 in
530 1075 827 1118 conscientiae
866 1074 1061 1127 casibus,
1106 1088 1215 1129 quos
1256 1076 1442 1126 uocant,
1484 1075 1528 1112 et
1565 1071 1611 1112 in
1644 1071 1842 1127 practica

118 1147 363 1203 Theologia
395 1146 474 1189 diu
504 1146 745 1202 seduloque
776 1145 958 1199 uersari,
992 1149 1043 1186 ut
1062 1144 1404 1186 Sacramentum
1434 1141 1840 1184 confessionisrite

118 1217 468 1260 administretur.
530 1217 713 1259 Pondus
744 1222 823 1270 est,
856 1215 1156 1258 concionandi
1187 1214 1372 1267 muneri,
1405 1228 1459 1255 ex
1492 1227 1579 1268 quo
1610 1217 1704 1254 tam
1723 1213 1839 1254 mul-

118 1294 166 1330 ta
196 1289 406 1345 pendent,
438 1288 706 1342 satisfacere,
738 1292 790 1330 ut
821 1303 923 1330 cum
954 1287 1105 1329 fructu
1126 1285 1406 1328 audientium
1428 1284 1514 1325 Dei
1546 1283 1732 1325 uerbum
1754 1283 1840 1324 dis-

117 1361 372 1401 seminetur.
435 1360 618 1401 Pondus
650 1363 728 1413 est,
761 1359 809 1400 in
840 1357 1086 1412 Theologia
1125 1356 1337 1413 mystica,
1377 1356 1445 1398 uti
1476 1360 1657 1409 uocant,
1691 1356 1839 1411 quiete

119 1431 240 1472 domi
277 1446 458 1485 uacare,
496 1435 547 1472 ut
589 1430 801 1487 optimam
843 1444 944 1471 cum
983 1427 1254 1483 Magdalena
1292 1432 1467 1483 partem
1499 1427 1654 1483 eligas,
1687 1441 1738 1469 ac
1771 1426 1837 1467 di—

116 1502 221 1543 uine
260 1501 600 1558 philosopheris.
661 1500 844 1542 Pondus
892 1503 958 1541 est
1004 1499 1215 1554 denique,
1263 1502 1467 1540 ueterum
1507 1498 1837 1552 Theologorum

117 1573 289 1630 scripta
336 1572 398 1614 818
443 1573 671 1626 8110111818,
706 1577 758 1613 111
797 1571 1045 1627 genuinum
1082 1569 1263 1612 diuinae
1296 1569 1542 1626 scripturae
1573 1583 1749 1610 sensum
1784 1583 1838 1609 ex

115 1644 206 1685 illis
238 1659 379 1698 eruas,
411 1659 463 1685 ac
493 1645 681 1685 Patrum
714 1642 958 1684 sententias
989 1641 1106 1682 inter
1128 1656 1172 1682 se
1195 1640 1411 1694 conferas,
1445 1639 1642 1695 sciteque
1674 1639 1837 1680 nostris

115 1714 421 1756 accommodes
453 1715 744 1771 temporibus,
767 1718 866 1755 tum
899 1713 955 1754 ad
986 1727 1130 1754 nouas
1161 1712 1360 1754 haereses
1391 1710 1707 1768 profligandas,
1741 1713 1836 1750 tum

120 1786 175 1828 ad
217 1785 475 1828 Catholicae
511 1786 615 1827 fidei
654 1785 868 1840 dogmata
910 1784 1257 1841 propugnanda,
1300 1787 1397 1825 tum
1439 1782 1496 1824 ad
1535 1782 1677 1824 solida
1707 1796 1836 1822 uerae

119 1856 303 1912 pietatis
333 1856 481 1898 officia
511 1856 558 1898 in
589 1856 719 1898 nobis
751 1872 802 1898 38
834 1856 932 1911 alijs
969 1855 1286 1911 promouenda.
1349 1855 1459 1896 Tam
1491 1854 1624 1909 longe
1657 1853 1836 1908 lateque

119 1930 276 1983 patent
307 1941 456 1968 sacrae
488 1927 759 1982 Theologiae
797 1927 1016 1982 pomeria,
1057 1941 1171 1981 quae
1212 1940 1392 1982 campos
1431 1925 1729 1981 amplissimos
1762 1938 1835 1965 ex-

119 1997 279 2039 hibent
311 1997 534 2051 studiosis,
567 1999 604 2039 si
638 1997 800 2052 quibus
831 1997 973 2038 libeat
1005 2013 1055 2039 38
1087 1997 1219 2038 118831
1251 1998 1299 2038 111
1330 1997 1421 2037 11118
1453 1995 1685 2052 expatiari.

260 2068 390 2118 Quod
434 2084 534 2110 cum
571 2069 638 2110 ita
678 2068 756 2122 sit,
801 2083 892 2110 non
934 2068 1040 2109 satis
1080 2083 1310 2123 assequor,
1359 2082 1445 2123 quo
1485 2071 1616 2124 pacto
1656 2066 1834 2123 possim,

120 2139 298 2181 etiamsi
329 2139 502 2193 uellem,
536 2140 688 2181 futuro
712 2139 941 2194 Theologo
966 2143 1133 2181 certam
1166 2139 1375 2180 studendi
1393 2139 1612 2180 rationem
1637 2137 1836 2179 indicare

120 2214 253 2265 atque
283 2210 594 2266 praescribere,
627 2226 678 2252 ac
707 2210 843 2252 talem
874 2209 1171 2266 potissimum,
1205 2210 1349 2265 qualis
1371 2225 1396 2251 3
1419 2213 1538 2251 88118
1559 2209 1702 2250 3111188
1725 2207 1838 2249 desi-

121 2280 316 2322 deratur.
380 2281 490 2323 Eius
521 2281 639 2323 enim
671 2281 904 2336 ingenium
938 2295 989 2322 ac
1021 2285 1195 2335 natura,
1235 2286 1287 2323 ut
1319 2280 1522 2336 conijcio,
1554 2294 1646 2321 non
1676 2293 1835 2335 parum

121 2351 271 2392 diflert
299 2366 325 2393 a
355 2352 578 2408 plerisque
609 2352 720 2408 alijs,
753 2352 830 2407 qui
861 2366 905 2393 se
936 2351 1210 2407 Theologiae
1241 2352 1402 2407 studijs
1434 2367 1487 2393 ex
1507 2350 1704 2407 professo
1734 2365 1836 2392 con-

120 2426 314 2474 secrant,
354 2426 399 2463 et
435 2421 484 2463 in
521 2422 591 2464 his
629 2422 808 2479 penitus
850 2423 1182 2478 conquiescunt.
1244 2422 1334 2464 Hic
1364 2437 1484 2475 uero,
1524 2426 1835 2479 praeterquam

120 2492 240 2548 quod
279 2507 431 2534 curam
470 2493 761 2535 domesticam
801 2493 1006 2547 sustinet,
1047 2494 1185 2535 etiam
1221 2493 1422 2535 horarias
1466 2493 1603 2535 habet
1651 2492 1838 2534 recitare

119 2577 289 2620 preces,
330 2563 531 2618 quotidie
563 2564 762 2606 Canticis
801 2580 853 2606 ac
892 2564 1169 2620 Ceremonijs
1201 2564 1530 2607 Ecclesiasticis
1562 2565 1740 2619 cogitur
1770 2564 1838 2605 in-

120 2638 295 2686 teresse,
328 2648 472 2689 neque
504 2635 647 2676 solum
679 2635 963 2689 sacerdotale,
996 2636 1073 2677 sed
1105 2636 1241 2677 etiam
1272 2636 1495 2692 pastorale
1526 2650 1687 2677 munus
1720 2634 1839 2690 apud

120 2718 250 2745 sanos
281 2708 325 2745 et
355 2708 561 2759 aegrotos
600 2705 734 2749 debet
774 2707 1099 2749 administrare.
1162 2707 1391 2749 Haeccine
1428 2707 1570 2748 multa
1602 2710 1646 2747 et
1677 2705 1838 2760 grauia

121 2778 226 2816 sunt
256 2774 592 2830 impedimenta,
626 2791 738 2832 quae
770 2793 795 2819 a
829 2777 963 2820 sacris
996 2777 1156 2834 studijs
1199 2782 1389 2820 auocent
1418 2778 1632 2830 animum,
1666 2781 1709 2818 81
1746 2781 1836 2817 8111-

121 2845 295 2887 diosum
327 2845 374 2886 in
405 2844 551 2887 medio
585 2861 717 2889 cursu
732 2848 974 2902 retardent,
995 2852 1288 2905 optatumque
1305 2848 1503 2891 fructum
1520 2846 1839 2902 intercipiant?

261 2915 380 2965 Quid
411 2931 516 2958 vero
549 2917 586 2958 si
618 2921 661 2959 et
691 2934 835 2975 uagus
868 2919 1048 2961 accedet
1070 2920 1260 2974 animus,
1294 2920 1369 2975 qui
1397 2920 1446 2961 in
1477 2933 1566 2961 uno
1600 2917 1840 2972 eodemque

121 2987 373 3029 studiorum
405 3002 566 3043 genere
587 3004 679 3031 non
701 2989 932 3042 consistat,
965 2995 1009 3032 et
1029 2991 1177 3033 nescio
1198 3006 1334 3046 quam
1355 2990 1590 3032 libidinem
1611 2988 1659 3030 in
1679 2987 1840 3043 studijs

119 3057 227 3113 ipsis
257 3062 548 3113 consectetur,
580 3063 644 3114 ut,
676 3060 764 3101 nisi
794 3060 985 3103 delectet
1015 3061 1245 3119 proposita
1266 3061 1412 3115 lectio,
1445 3060 1686 3116 obrepente
1706 3058 1838 3100 fasti-

1564 3130 1628 3165 33*
