2143 3462
111 891 206 915 Prima
230 893 300 916 liora

85 927 325 952 antemeridiana.

232 1480 333 1512 p.277.

94 1607 225 1630 secunda
246 1607 317 1631 hora

89 1642 331 1667 antemeridiana.

353 180 437 222 186
513 188 626 223 Ratio
654 189 861 223 studiorum
888 192 926 223 et
951 189 1208 224 institutiones
1235 190 1478 225 scholasticae
1505 190 1701 226 Societatis
1727 191 1818 227 Jesu
1845 193 1894 226 II.

492 310 547 350 In
578 308 650 351 his
682 324 788 351 vero
821 309 929 352 dum
960 310 1094 352 Pueri
1125 312 1400 362 exercentur,
1440 307 1689 350 doceantur
1720 309 1882 350 classes
1915 309 2053 351 etiam.

350 380 602 423 Verborum
626 380 891 422 Actiuorum
915 385 959 422 et
980 382 1271 423 Passiuorum
1295 380 1390 420 sine
1412 378 1749 436 appendicibUS,
1772 384 1824 422 vt
1846 381 2053 422 Secunda

351 451 527 504 classis,
567 466 680 506 quae
720 452 875 493 multis
915 451 1048 493 rebus
1089 451 1318 494 oneranda
1358 455 1447 505 est,
1490 450 1826 505 aliquantulum
1862 451 2051 493 leuetur.

351 523 563 565 Addatur
600 524 785 565 tandem
830 523 1004 578 aliquid
1043 539 1096 564 ex
1129 522 1332 580 epistolis
1363 522 1424 562 M.
1457 521 1609 577 Tullij.
1673 520 1824 577 Atque
1855 521 1926 563 his
1958 537 2052 564 om-

350 594 486 636 nibus
519 594 806 636 absoluendis
836 598 924 635 tres
958 609 1130 636 menses
1162 592 1497 650 impendantur.

746 774 938 822 Diuisio
978 774 1209 822 horarum
1247 775 1296 822 in
1336 774 1430 822 hoc
1470 772 1658 821 ordine.

500 890 702 932 Dimidia
741 890 936 931 reddant
973 891 1234 932 memoriter
1271 890 1531 932 Tullianam
1568 890 1914 946 praelectionem
1953 905 2055 932 cum

356 962 506 1017 aliquo
538 961 733 1003 Nomine
765 976 841 1001 seu
872 961 1024 1004 Verbo
1059 962 1281 1003 anomale.
1345 961 1505 1003 Altera
1545 961 1735 1003 dimidia
1776 961 2058 1018 explicentur

354 1034 515 1075 classes
547 1034 786 1075 verborum
811 1032 1079 1074 Actiuorum
1112 1036 1157 1074 et
1182 1033 1471 1075 Passiuorum
1504 1048 1604 1075 cum
1637 1033 1811 1088 aliquot
1841 1033 2057 1075 thematis

354 1121 407 1146 ex
439 1111 639 1162 tempore
672 1104 995 1161 componendis
1026 1104 1159 1146 iuxta
1190 1108 1495 1160 praeceptum,
1529 1104 1649 1160 quod
1671 1108 1781 1146 tunc
1801 1104 2053 1161 expositum

355 1177 504 1218 fuerit.
577 1177 702 1218 Haec
744 1179 894 1217 autem
933 1175 1100 1229 facilia,
1142 1175 1299 1216 breuia
1341 1179 1386 1216 et
1424 1175 1645 1217 eiusmodi
1677 1175 1782 1229 sint,
1821 1179 1874 1217 vt
1912 1175 2058 1217 multa

354 1263 443 1289 vno
477 1247 548 1289 die
578 1248 771 1304 proponi
804 1249 997 1303 possint:
1031 1246 1167 1288 multi
1199 1247 1309 1288 item
1341 1261 1420 1303 per
1450 1246 1530 1288 illa
1551 1247 1759 1301 exerceri,
1792 1246 1935 1288 donec
1959 1261 2058 1288 eam

354 1320 619 1361 facultatem
664 1323 974 1374 assequantur,
1022 1322 1074 1359 vt
1120 1317 1174 1359 de
1216 1317 1361 1372 rebus,
1410 1333 1523 1374 quae
1571 1318 1627 1359 ad
1674 1332 1747 1360 eos
1783 1318 2056 1374 pertineant,

353 1391 643 1446 interrogati,
674 1405 767 1433 non
788 1405 956 1445 magna
978 1388 1245 1445 interposita
1266 1403 1405 1443 mora,
1434 1390 1608 1445 possint
1627 1389 1908 1446 respondere.
1957 1388 2056 1438 Quo

355 1477 461 1504 vero
503 1462 573 1504 die
611 1462 729 1504 nihil
768 1462 964 1504 occurrit
1003 1476 1055 1502 ex
1089 1459 1412 1517 Grammaltica
1444 1460 1782 1518 exponendum,
1822 1460 2056 1502 hesternae

353 1533 673 1591 praelectionis
703 1533 782 1575 fiet
812 1532 1041 1589 repetitio.

496 1605 714 1659 Dimidia,
745 1605 806 1646 M.
840 1604 979 1660 Tullij
1013 1603 1253 1660 praelectio
1293 1603 1596 1661 explicabitur
1634 1619 1660 1645 a
1691 1604 1913 1659 Magistro
1953 1603 2057 1644 sim—

353 1677 533 1733 pliciter
574 1681 618 1718 et
658 1677 784 1718 nullo
831 1691 980 1718 rerum
1028 1679 1262 1732 apparatu,
1310 1675 1437 1716 nulla
1482 1675 1768 1717 locutionum
1814 1674 2057 1716 varietate:

354 1749 549 1790 totidem
588 1752 769 1790 tantum
800 1747 1004 1803 vulgaris
1043 1747 1229 1802 linguae
1270 1746 1470 1801 vocibus,
1508 1747 1654 1803 ijsque
1691 1746 1919 1803 propriam
1963 1745 2058 1788 vim

354 1820 568 1862 vocabuli
588 1820 804 1875 cuiusque
835 1818 1078 1861 locutionis
1110 1817 1488 1874 exprimentibus:
1522 1834 1604 1860 nec
1635 1818 1726 1860 alia
1745 1817 2058 1871 ostendantur,

356 1907 491 1946 quam
525 1906 637 1946 quae
670 1891 928 1932 didicerunt
959 1889 1007 1930 in
1039 1889 1134 1931 dies
1167 1905 1221 1931 ex
1245 1889 1579 1931 Grammaticis.
1633 1890 1784 1931 Horae
1806 1887 2058 1945 quadrante

357 1962 616 2003 absoluetur
655 1961 805 2015 lectio,
853 1965 898 2002 et
937 1961 1077 2002 altero
1117 1964 1354 2017 repetetur,
1403 1960 1538 2016 idque
1583 1976 1609 2002 a
1656 1975 1791 2016 quam
1836 1959 2057 2016 plurimis,

357 2032 478 2075 Satis
510 2037 576 2074 est
607 2033 771 2074 habere
803 2048 965 2089 pueros
999 2036 1185 2088 gustum
1217 2032 1441 2088 quendam
1465 2032 1706 2086 Ciceronis,
1739 2035 1791 2074 vt
1812 2031 1919 2072 inde
1940 2045 2060 2072 com-

356 2104 633 2160 positionum
672 2119 856 2146 suarum
897 2104 1044 2161 prima
1086 2104 1293 2161 exempla
1336 2104 1592 2160 decerpant.
1663 2102 1824 2144 Altera
1869 2101 2058 2144 dimidia

356 2176 582 2217 scribendi
620 2176 869 2217 dictabitur
906 2180 1227 2231 argumentum
1265 2175 1481 2231 perbreue
1513 2191 1564 2217 ac
1595 2174 1883 2228 facillimum,
1925 2177 2059 2228 atque

358 2262 413 2288 ex
435 2247 490 2302 ijs
513 2247 617 2301 fere,
652 2262 766 2303 quae
797 2246 1058 2302 frequenter
1088 2246 1136 2288 in
1167 2246 1439 2288 familiarem
1471 2260 1718 2287 sermonem
1745 2244 1969 2299 incidunt,
2002 2243 2059 2286 ad

358 2318 662 2360 imitationem
694 2324 845 2360 tamen
879 2318 1120 2373 Ciceronis,
1154 2318 1302 2373 quoad
1333 2318 1429 2359 eius
1460 2317 1558 2359 fieri
1586 2321 1747 2374 potest,
1785 2320 1829 2358 et
1861 2315 2059 2359 Nomina

359 2390 611 2443 flectentur,
645 2390 698 2446 ijs
730 2391 932 2442 seruatis,
966 2405 1079 2445 quae
1112 2390 1165 2431 de
1196 2389 1400 2431 inferiori
1432 2388 1588 2431 ordine
1620 2388 1742 2430 dicta
1774 2391 1895 2429 sunt.

81 2462 190 2486 0¹¹³¹¹¹³
211 2461 357 2485 ⁵‘''¹¹⁵¹¹‘''·'¹
502 2462 812 2503 Exerceantur
850 2462 899 2503 in
929 2461 1080 2503 verbis
1111 2460 1424 2516 coniugandis,
1456 2460 1598 2515 ijsque
1630 2459 1974 2513 difficilioribus,
2015 2463 2060 2500 et

97 2497 337 2522 antemeridiana.

124 2890 219 2913 Prima
241 2889 311 2912 hura

116 2924 324 2956 pomeridiana.

361 2532 512 2587 aliquo
542 2532 698 2574 ordine
730 2538 922 2587 seruato,
956 2533 1073 2574 sicut
1104 2537 1148 2573 et
1168 2532 1215 2573 in
1237 2531 1522 2584 Nominibus,
1555 2534 1607 2572 vt
1639 2544 1800 2587 nempe
1833 2545 1858 2571 a
1889 2529 2060 2586 simpli-

362 2603 486 2644 cibus
524 2604 736 2646 veniatur
774 2604 830 2646 ad
863 2604 1107 2646 Anoniala:
1156 2603 1318 2645 deinde
1355 2602 1412 2644 ad
1443 2601 1703 2644 Defectiua:
1752 2605 1850 2642 tum
1882 2601 1940 2643 ad
1969 2601 2059 2642 Im-

361 2676 630 2731 personalia:
684 2691 924 2731 rursusque
964 2691 1097 2717 cursu
1138 2674 1343 2717 absoluto
1382 2673 1593 2730 periodus
1625 2672 1780 2714 eadem
1818 2674 2057 2727 repetatur,

361 2761 441 2786 nec
475 2746 532 2787 ab
564 2762 610 2787 rc
642 2747 780 2788 suerit
811 2747 894 2788 sub
926 2747 1061 2788 finem
1095 2745 1269 2801 aliquid
1301 2760 1355 2786 ex
1377 2744 1590 2786 Cicerone
1613 2744 1669 2785 ab
1690 2758 1780 2785 vno
1812 2742 1885 2785 vel
1916 2743 2057 2784 altero

362 2817 482 2858 clara
514 2832 623 2859 voce
655 2818 953 2873 pronuntiari,
986 2817 1107 2873 quod
1140 2816 1196 2858 ad
1227 2815 1460 2857 emendate
1490 2815 1734 2871 legendum
1765 2812 1978 2856 conferat.

503 2888 705 2930 Dimidia
736 2889 980 2930 reddentur
1011 2887 1267 2930 memoriter
1298 2901 1369 2940 ea,
1415 2901 1528 2942 quae
1559 2885 1702 2942 pridie
1735 2900 1788 2926 ex
1823 2885 2059 2926 Gramma-

365 2961 458 3002 tica
497 2960 702 3016 exposita
742 2965 870 3014 sunt,
919 2964 964 3001 et
1001 2960 1253 3003 Verborum
1290 2957 1633 3013 coniugationes
1672 2971 1774 2997 cum
1812 2955 2057 3012 multiplici

364 3031 443 3072 illa
473 3030 846 3086 interpretatione
877 3035 1010 3086 atque
1042 3029 1438 3071 annotationibus:
1491 3029 1633 3070 altera
1672 3026 1860 3070 dimidia
1901 3040 2058 3084 puero-

364 3118 462 3145 rum
495 3102 714 3145 Themata
744 3106 1122 3157 recognoscentur
1153 3105 1197 3142 et
1229 3100 1601 3145 emendabuntur.
