2084 3441
300 172 356 214 80
467 180 578 215 Ratio
607 180 876 216 studiorum'et
897 180 1154 216 institutiones
1180 178 1422 215 scholasticae
1446 177 1648 215 Societatis.
1666 178 1756 214 Jesu
1780 178 1819 213 Π

297 299 380 341 erit
401 299 607 356 deinceps
630 299 822 353 facilius,
854 299 986 341 editis
1005 299 1169 341 Patris
1200 297 1481 353 Bellarminij
1495 296 1674 356 ›lib-ris:
1695 297 1759 340 sic
1789 297 1910 339 enim
1941 300 1986 338 et

296 370 544 425 Theologia
590 370 884 426 adaptabitur
928 368 1094 421 nostris
1129 368 1425 425 temporibus*
1446 368 1626 424 magnas*
1649 383 1708 410 ex.
1741 374 1887 424 parte,
1933 371 1986 410 Vt

295 440 410 482 sciat
437 440 631 495 auditor,
664 441 701 482 si
733 440 1196 496 quandooporteret,
1214 454 1315 481 cum
1345 428 1583 481 haereticis
1608 438 1844 495 disputare
1875 452 1984 494 qua-

295 510 544 565 damtenus,
578 515 621 553 et
646 511 923 553 Scholastica
947 511 1181 559 subtilitas
1195 525 1288 552 non
1318 509 1591 566 impedietur
1613 509 1761 559 valde.
1821 509 1985 551 Trans-

295 582 436 639 alpini
466 596 585 635 vero,
620 581 740 637 quod
772 581 825 623 de
857 582 966 637 ipsis
999 581 1110 623 alibi
1142 581 1369 635 definitur,
1402 580 1658 622 obseruent.=
1682 595 1684 597 ’
1711 599 1758 619 πυ,

437 656 475 697 8.
511 652 747 707 intelligat
777 651 1021 705 meessor,
1060 651 1168 693 non:
1183 665 1336 693 ornnes
1367 651 1522 693 eadem
1563 650 1817 707 diligentia·
1849 664 1983 706 quae-

295 722 463 764 stiones
503 737 593 764 esse
625 722 906 764 tractandas:
957 726 1063 764 sunt
1107 721 1228 779 enim
1273 737 1426 763 earum
1452 721 1694 766 Etresufe‘re
1733 720 1905 777 gradus
1940 724 1985 762 et

295 793 483 835 ordines.
537 793 592 834 In
613 792 760 849 primo
782 784 1264 849 primariae'quaedam
1286 796 1404 846 sunt,
1426 807 1542 848 quae
1557 792 1693 849 plena·
1713 796 1766 834 et
1776 794 1987 841 accurata

292 864 501 919 indigent
521 863 834 919 explicatione.
885 864 941 905 In
972 862 1168 905 secundo
1190 860 1449 916 mediocres,
1482 864 1531 904 in
1562 863 1728 919 quibus
1759 849 1869 905 satis
1899 861 1988 904 er-it

293 935 404 977 duas
434 934 525 975 fere
555 934 819 990 praecipuas
848 933 1014 975 referre
1038 933 1285 990 opiniones,
1317 938 1362 975 et
1382 934 1633 990 quamlibet
1655 921 1987 976 conclusionem

291 1004 578 1062 paucioribus
619 1005 897 1060 argumentis
936 1005 1148 1061 probare,
1180 1005 1351 1047 soluere
1382 1019 1488 1047 vero
1520 1004 1716 1047 totidem
1738 1003 1997 1054 :contrarias

291 1075 347 1117 In
392 1075 527 1118 tertio
574 1074 797 1118 faciliores
833 1091 920 1118 seu
965 1076 1167 1118 leuiores.
1246 1077 1302 1117 In
1345 1076 1508 1132 quibus
1552 1076 1596 1119 S.
1626 1066 1825 1119 Thomae
1856 1089 1987 1117 vmens

291 1146 558 1204 explicanda
605 1161 784 1203 semper·
824 1151 912 1201 est,
961 1147 1039 1188 sed
1067 1147 1347 1203 ,aliquando
1369 1147 1586 1189 addenda·
1611 1146 1989 1203 sunt':=praet·erea

290 1233 433 1260 unum
465 1222 544 1260 aut
575 1218 765 1260 alterum
796 1233 851 1260 ex
873 1218 1021 1274 dubijs
1041 1218 1305 1273 literalibus,
1336 1217 1503 1273 sis'int,
1535 1218 1608 1261 vel
1629 1212 1986 1274 quaestiuncula,

291 1289 340 1330 in
380 1304 469 1345 qua
506 1303 599 1331 non
631 1289 894 1345 explicetur,
941 1289 1031 1330 nisi
1062 1289 1215 1345 opinio
1241 1288 1341 1331 -fere'
1372 1304 1466 1332 vna
1496 1289 1987 1346 probatissixna32100n÷

292 1359 568 1402 clusionibus
596 1365 894 1402 annectantur
924 1375 1015 1403 vna
1034 1360 1107 1403 vel
1130 1361 1271 1403 altera
1286 1361 1420 1416 ratio,
1442 1365 1497 1403 θῒ.
1529 1360 1722 1403 totidem
1752 1360 1989 1403 soluantur

293 1431 582 1485 obiectiones;
632 1431 876 1487 aliquando
916 1431 1082 1474 sufficit
1121 1432 1344 1489 explicare
1383 1432 1581 1475 mentem
1614 1432 1659 1475 S.
1680 1431 1878 1474 Thomae
1908 1444 1987 1488 per

293 1516 395 1544 suas
426 1501 749 1544 conclusiones
801 1502 1075 1558 Aliquando,
1107 1502 1336 1560 proposito
1374 1502 1512 1545 titulo
1551 1501 1762 1557 Articuli,
1810 1501 1988 1544 dicatur

169 1663 182 1695 1,-
219 1663 290 1688 ‚93.
433 1647 473 1689 9.
507 1645 579 1686 Ex
610 1644 960 1700 quaestionibUS,
1003 1660 1116 1702 quae
1149 1650 1256 1688 sunt
1287 1659 1341 1686 ex
1373 1659 1423 1686 eo
1455 1658 1655 1699 numero,
1693 1648 1746 1687 vt
1774 1643 1986 1686 nonnisi

291 1716 576 1758 mediocriter
620 1731 696 1758 seu
742 1716 941 1758 breuiter
978 1716 1143 1774 exponi
1181 1716 1387 1770 debeant,
1419 1715 1615 1773 expedit,
1656 1730 1769 1772 quae
1806 1714 1857 1757 in
1893 1729 1984 1758 vno

292 1787 590 1843 quadriennio
615 1786 797 1829 breuius
825 1791 1092 1843 tractantur,
1123 1787 1173 1829 in
1194 1787 1282 1829 alio
1314 1786 1503 1829 tractari
1532 1787 1667 1843 paulo
1699 1786 1877 1844 plenius
1896 1789 1985 1842 'per

291 1858 432 1900 alium
455 1861 807 1914 praeceptorem:
841 1857 895 1900 de
924 1872 1012 1914 quo
1032 1858 1247 1901 monendi
1268 1862 1415 1900 essent
1445 1857 1667 1915 principio
1700 1856 1982 1914 quadriennij

292 1944 318 1970 a
332 1928 566 1970 Praefecto
579 1928 844 1984 studiorum,
863 1929 989 1971 cuius
1007 1930 1092 1971 erit
1108 1930 1356 1984 obseruare,
1376 1945 1489 1986 quae
1506 1929 1730 1986 superiore
1747 1929 1985 1985 quadrien*

291 2000 367 2042 nio
406 2000 654 2056 perstricta,
704 2015 819 2055 quae
858 2000 1132 2057 amplificata
1171 2001 1355 2055 fuerint,
1403 2005 1455 2044 vt
1491 2000 1789 2057 praescribere
1827 2000 1982 2057 possit,

292 2071 402 2127 quid
440 2071 646 2126 sequenti
686 2071 983 2127 quadriennio
1024 2072 1324 2127 dilatandum,
1370 2072 1480 2128 quid
1511 2071 1869 2114 contrahendum
1900 2071 1980 2114 sit:

291 2142 493 2198 proderit
539 2142 658 2183 enim
705 2156 797 2183 esse
834 2142 884 2184 in
921 2143 1122 2185 Ecclesia
1161 2147 1205 2185 et
1240 2143 1289 2185 in
1321 2143 1547 2186 Societate
1583 2156 1737 2184 omnes
1772 2144 1983 2185 materias

290 2212 538 2254 luculenter
555 2217 784 2267 tractatas,
804 2218 869 2267 vt,
892 2213 930 2255 si
949 2214 1129 2269 quando
1152 2214 1342 2256 alicuius
1363 2229 1470 2257 Vsus
1489 2213 1679 2268 accidat,
1700 2213 1750 2255 in
1771 2218 1983 2272 promptu

291 2283 350 2324 sit
388 2298 475 2339 quo
515 2288 789 2326 recurratur:
830 2289 875 2326 et
915 2285 994 2340 qui
1026 2285 1199 2340 aliquas
1230 2285 1410 2328 breuius
1443 2285 1694 2341 audierunt,
1727 2285 1766 2327 si
1797 2285 1983 2342 cupiant

292 2368 365 2395 eas
397 2354 557 2396 habere
586 2354 762 2411 plenius
794 2355 1056 2412 explicataS,
1088 2355 1285 2398 habeant
1316 2356 1436 2398 unde
1467 2360 1638 2412 petant.
