2143 3462
355 203 440 246 228
539 211 648 247 Ratio
676 212 878 248 studiorum
905 217 943 248 et
968 211 1224 248 institutiones
1247 211 1488 248 scholasticae
1515 211 1710 249 Societatis
1736 204 1826 250 Jesu
1851 206 1890 249 ΙῘ

355 332 638 373 auditoribus
668 332 828 374 uberes
859 332 1032 374 fruetus
1064 333 1258 374 allatura
1286 332 1497 387 creditur,
1531 333 1588 374 ab
1610 333 1819 375 omnibus
1842 334 2050 376 alacriter

351 409 395 443 et
428 408 582 444 exacte
614 409 828 445 servetur.

493 474 663 516 Datum
696 475 867 516 Romae
899 477 937 518 8.
971 474 1182 517 Januarii
1216 477 1342 518 1599.

807 547 1024 588 Mandato
1057 546 1112 590 R.
1144 547 1195 587 P.
1228 546 1284 590 N.
1318 546 1553 587 Generalis

1131 618 1161 659 J
1166 617 1331 658 acobus
1363 617 1642 671 Dominicus,
1675 618 1961 662 secretarius.

1084 820 1209 861 Nro.
1243 820 1312 861 12.

445 931 498 979 11.
535 929 932 978 l{,1111‹lsc:l11·eil›0n
965 928 1050 976 des
1078 928 1127 976 P.
1159 928 1368 977 Genera]
1399 928 1507 977 Joh.
1539 928 1793 977 Roothaan
1832 945 1940 977 vom

398 1016 477 1061 25.
522 1014 621 1061 „luli
665 1014 798 1060 1832
840 1012 919 1060 bei
959 1011 1413 1075 Veroffentlichung
1452 1012 1538 1060 der
1577 1013 1998 1075 neu-redigierten

962 1095 1104 1143 Ratio
1144 1094 1429 1143 studiorum.

494 1212 888 1256 Vorbcmerkung.
931 1212 986 1246 Da
1014 1211 1078 1245 wir
1103 1212 1161 1246 die
1188 1211 1397 1247 Reslaktion
1424 1212 1487 1247 der
1514 1213 1623 1247 Ratio
1651 1213 1747 1247 stud.
1774 1224 1843 1248 von
1872 1214 1962 1247 1832
1988 1223 2049 1247 zu-

351 1273 472 1315 gleich
500 1272 567 1305 mit
593 1272 672 1306 (lem
700 1272 869 1305 friiheren
896 1271 1105 1306 Wortlaute
1132 1270 1306 1315 bringen,
1338 1275 1484 1307 iniissen
1512 1273 1576 1307 wir
1602 1272 1845 1316 folgerichtig
1870 1272 1960 1306 auch
1987 1272 2051 1307 das

354 1331 797 1375 Einsuhrungssahreiben
824 1332 934 1365 sehon
961 1331 1040 1365 hier
1066 1330 1276 1366 abdrucken
1302 1332 1435 1366 lassen.

456 1429 530 1477 Ad
572 1429 887 1493 Praepositos
927 1429 1280 1486 Provinciales,
1320 1428 1555 1478 Rectorcs
1595 1429 1943 1491 Collegiorum,

673 1512 954 1561 Praefectos
996 1512 1279 1561 Studiorum
1319 1528 1374 1560 ac
1412 1512 1725 1561 Professores

511 1596 728 1644 Joanncs
772 1596 1041 1654 ltoothaan,
1082 1596 1398 1661 Praepositus
1438 1595 1694 1645 Generalis
1736 1594 1781 1644 S.
1824 1595 1866 1644 J.

491 1713 621 1762 Quod
656 1713 751 1769 jam
795 1713 843 1754 in
884 1714 1030 1769 prima
1061 1718 1164 1770 post
1194 1713 1451 1755 restitutam
1485 1714 1759 1755 Societatem
1793 1713 2050 1769 Congrega-

350 1785 472 1825 tione
518 1785 720 1839 generali
762 1800 787 1826 a
828 1785 1083 1828 Provinciis
1127 1786 1409 1841 postulatum
1446 1784 1617 1839 fuerat,
1664 1785 1873 1840 quodque
1914 1800 2048 1840 quam

349 1861 462 1897 esset
505 1857 806 1897 necessarium
845 1857 1123 1913 experientia
1163 1857 1372 1914 deinceps
1418 1856 1565 1911 magis
1603 1856 1950 1910 demonstravit,
1999 1859 2050 1897 ut

349 1928 520 1969 scilieet
563 1928 815 1969 studiorum
855 1933 1111 1970 nostrorum
1154 1928 1271 1970 ratio
1309 1927 1622 1984 praesentibus
1661 1927 1942 1984 temporibus
1981 1942 2051 1969 ac-

352 1999 730 2041 commodaretur:
765 1998 812 2041 id
844 2015 898 2040 ex
929 2004 1181 2056 postremae
1215 1998 1592 2054 Congregationis
1624 1998 1893 2041 auctoritate
1926 2012 2050 2040 cura-

353 2076 448 2111 tum
482 2076 525 2112 et
559 2075 785 2126 uteunque
818 2071 1002 2112 tandem
1040 2071 1247 2112 effectum
1278 2071 1429 2124 vobiS‚
1469 2071 1570 2112 RR.
1604 2071 1718 2125 PP.⁷
1758 2070 2050 2126 proponimus

352 2141 415 2182 ita
447 2142 495 2183 in
528 2156 638 2198 opus
670 2141 997 2197 deducendum,
1029 2146 1094 2196 ut,
1127 2142 1164 2183 si
1197 2142 1305 2198 quid
1336 2142 1385 2183 in
1417 2142 1513 2198 ipso
1545 2156 1629 2183 usu
1654 2145 1857 2183 occurrat
1878 2141 2048 2182 incom-

353 2212 488 2267 modi,
521 2213 767 2254 remedium
801 2213 1010 2270 deinceps
1043 2214 1228 2268 adferri3
1270 2214 1307 2255 si
1340 2213 1449 2269 quid
1481 2212 1664 2268 majoris
1696 2212 1920 2254 commodi
1951 2227 2051 2268 gra-

351 2284 415 2324 tia
448 2283 787 2340 adjungendum
818 2285 1040 2339 videatur,
1074 2285 1180 2327 addi
1212 2299 1291 2326 suo
1324 2290 1524 2341 tempore
1554 2284 1709 2340 possit.

492 2355 685 2410 Aliquot
707 2357 877 2410 Patres,
908 2360 959 2398 ut
979 2357 1138 2411 nostis⁷
1171 2372 1194 2397 e
1215 2355 1402 2399 diversis
1423 2356 1563 2397 lectos
1582 2354 1835 2398 Provinciis
1855 2356 2050 2397 Romam

353 2426 695 2481 advocavimus,
734 2428 833 2483 qui⁷
874 2442 988 2483 quae
1021 2427 1069 2468 in
1101 2426 1356 2469 Provinciis
1387 2430 1549 2468 notata
1581 2430 1625 2468 et
1658 2426 1970 2469 animadversa
2001 2426 2049 2468 in

352 2497 595 2539 Rationem
628 2499 880 2540 studiorum
909 2499 1103 2553 fuerant⁷
1137 2513 1287 2540 secum
1309 2512 1410 2539 cum
1433 2497 1705 2552 attulissent,
1738 2498 1875 2553 longo
1897 2497 2049 2539 labore

352 2574 395 2610 et
429 2574 636 2611 acciu-ato
669 2571 820 2612 studio
851 2571 969 2613 inter
1001 2585 1046 2612 se
1079 2570 1231 2612 omnia
1262 2568 1560 2623 conferentes,
1595 2584 1646 2610 ea
1677 2568 1858 2610 demum
1889 2558 2050 2626 propo-

353 2645 569 2694 suerunt,
608 2656 721 2696 quae
761 2657 786 2683 a
819 2643 908 2683 PP.
941 2641 1271 2683 Assistentibus
1311 2644 1356 2681 et
1392 2639 1524 2681 nobis
1563 2640 1820 2682 examinata
1859 2655 1911 2682 ac
1949 2639 2049 2681 dili-

351 2716 510 2764 genter
551 2711 750 2753 discussa
793 2713 923 2754 vobis
961 2713 1145 2754 tandem
1186 2711 1413 2753 offerimus
1445 2725 1529 2752 usu
1562 2716 1696 2767 atque
1728 2711 2048 2753 exercitatione

350 2782 604 2837 probanda,
638 2787 689 2824 ut
721 2784 823 2825 dein
856 2784 1091 2825 emendata
1122 2783 1306 2836 iterum,
1346 2781 1426 2823 ubi
1458 2796 1569 2838 opus
1601 2782 1762 2837 fuerit,
1795 2782 1868 2825 vel
1900 2786 2047 2836 aucta,

351 2852 464 2907 legis
495 2854 763 2895 universalis
796 2855 890 2897 vim
924 2870 974 2897 ac
1004 2855 1284 2897 sanctionem
1315 2854 1592 2897 obtineant}

498 3006 508 3026 ¹
535 3006 662 3041 Dieses
688 3007 785 3041 kann
815 3013 892 3043 erst
912 3009 1025 3043 durch
1046 3009 1240 3043 Beschluss
1261 3008 1362 3043 einer
1382 3007 1955 3052 Generalkongregation
1980 3017 2044 3053 ge-

351 3066 518 3100 schehen.
570 3066 794 3101 Inzwischen
821 3067 892 3110 gilt
917 3068 976 3102 «lie
1009 3078 1101 3102 neue
1127 3067 1170 3102 lt.
1198 3073 1259 3109 st.7
1295 3068 1425 3103 soweit
1458 3069 1512 3103 sie
1540 3079 1609 3102 von
1635 3068 1699 3103 der
1726 3068 1826 3102 alten
1854 3066 2044 3108 abweicht‚

352 3125 496 3160 einsach
523 3126 579 3161 als
605 3126 850 3168 Verordnung·
875 3127 938 3161 des
964 3128 1150 3161 (zeum-als.
