2143 3462
265 1961 366 1995 p.229.

390 179 473 222 158
578 186 691 221 Ratio
718 186 920 222 studiorum
949 191 986 222 et
1012 185 1264 223 institutiones
1290 185 1531 222 scholasticae
1557 186 1752 223 Societatis
1777 187 1868 224 Jesu
1891 187 1931 223 11

381 307 469 349 huc
501 311 547 348 et
576 306 775 362 figurata
806 306 1095 350 constructiO.
1159 306 1283 356 Quae
1311 306 1464 348 omnia
1485 306 1548 348 010
1571 306 1815 362 digerenda
1841 306 2071 349 videntur:

381 377 535 420 Primo
573 378 670 420 1000
710 382 938 435 ponantur
975 377 1315 433 quatuordecim
1355 376 1435 419 illa
1472 380 1711 434 praecepta
1747 377 1835 419 toti
1875 377 2072 434 Syntaxi

382 449 658 503 communia,
707 464 819 505 quae
864 448 1088 490 habentur
1134 463 1237 504 pag.
1278 450 1374 492 126.
1412 447 1606 504 demptis
1651 447 1728 502 ijs,
1776 462 1889 504 quae
1939 463 2074 505 supra

381 520 594 563 videntur
640 519 846 576 exposita
885 533 987 560 00111
1026 519 1190 561 verbis.
1254 518 1428 560 Deinde
1468 519 1678 561 veniatur
1724 519 1782 561 ad
1830 519 2074 561 secundum

382 591 691 633 Emmanuelis
729 590 915 644 librum,
964 590 1092 631 cuius
1132 595 1175 632 et
1213 605 1281 632 res
1320 590 1443 646 ipsae
1481 595 1526 632 et
1560 605 1709 632 rerum
1747 590 1855 633 ordo
1895 591 2075 646 integra
2138 598 2140 601 “

382 663 618 706 retinenda
659 662 882 715 videntur,
924 661 1066 703 recisa
1104 661 1249 703 solum
1291 676 1341 703 ac
1381 661 1565 718 dempta
1605 662 1845 704 verborum
1877 665 2076 704 constru-

384 735 532 777 ctione
584 749 685 776 cum
737 733 828 774 suis
879 732 1289 786 obseruationibus,
1339 731 1450 775 haec
1501 732 1621 774 enim
1666 732 1831 775 reiecta
1876 737 1983 775 sunt
2025 733 2075 775 in

383 807 575 864 priorem
607 805 861 860 Syntaxeos
892 808 1067 860 partem
1098 807 1143 845 et
1176 803 1264 845 alio
1298 803 1473 859 digesta
1505 803 1673 858 ordine,
1711 818 1792 846 nec
1831 803 2075 861 repetenda

382 893 503 920 nunc
543 875 773 918 Videntur:
821 878 921 916 tum
960 874 1067 930 quia
1106 874 1214 916 satis
1253 875 1343 916 iam
1384 874 1588 930 exposita
1626 874 1811 917 fuerunt
1850 875 2072 931 superius:

383 954 481 990 tum
513 947 618 1002 quia
651 946 853 987 diuersus
885 945 1007 999 ordo,
1042 959 1130 1000 quo
1164 945 1220 986 ab
1254 945 1549 987 Emmanuele
1580 950 1825 1002 ponuntur,
1863 946 2076 1003 praeteri-

383 1025 535 1061 torum
567 1018 830 1060 memoriam
860 1016 1154 1073 perturbaret.
1219 1015 1365 1065 Quare
1404 1016 1520 1058 nihil
1559 1017 1651 1058 iam
1682 1016 1875 1074 amplius
1914 1016 1989 1058 hic
2020 1017 2075 1059 de

384 1089 545 1132 Verbis
577 1088 823 1144 agendum:
874 1087 946 1130 sed
983 1088 1072 1129 alia
1103 1087 1162 1129 sit
1193 1088 1414 1142 materies,
1456 1087 1572 1129 alius
1603 1087 1725 1142 ordo,
1766 1088 1882 1130 aliae
1925 1088 2074 1130 obser·

382 1161 606 1203 uationes:
645 1159 782 1215 idque
814 1173 864 1200 eo
895 1173 1076 1215 prorsus
1107 1158 1252 1213 modo,
1291 1174 1379 1215 quo
1419 1158 1475 1201 ab
1507 1159 1800 1201 Emmanuele
1831 1162 2073 1215 ponuntur,

383 1233 448 1274 ita
479 1236 530 1274 vt
560 1230 756 1288 primum
788 1230 993 1285 Regulae
1030 1234 1314 1286 exponantur
1346 1244 1519 1272 omnes:
1566 1228 1726 1271 deinde
1769 1228 1977 1271 redeatur
2017 1228 2075 1270 ad

384 1303 678 1361 Appendices.
742 1302 841 1344 Hac
872 1316 978 1344 vero
1001 1301 1321 1343 distributione
1342 1300 1390 1342 id
1412 1315 1708 1357 assequemur,
1740 1305 1793 1342 vt
1823 1299 2074 1358 prouectio-

383 1375 521 1428 ribus,
554 1374 631 1430 qui
663 1388 765 1416 eum
796 1372 910 1415 ferre
941 1377 1142 1429 possunt,
1176 1372 1445 1414 Emmanuel
1475 1372 1541 1413 ita
1571 1371 1791 1426 tradatur,
1824 1370 1957 1413 sicuti
1990 1373 2073 1414 est:

384 1445 642 1488 rudioribus
680 1459 787 1486 vero
828 1443 1000 1486 ruditer
1037 1458 1256 1496 emansus,
1299 1447 1343 1485 et
1375 1443 1559 1485 clariore
1591 1441 1803 1484 methodo
1836 1441 2076 1499 explicitus

385 1517 611 1570 offeratur,
652 1520 697 1557 et
728 1514 1032 1570 coniungatur
1063 1514 1196 1557 simul
1228 1514 1491 1572 perspicuus
1522 1513 1708 1556 Italicae
1741 1512 2074 1556 Grammaticae

386 1588 494 1630 ordo
528 1603 553 1629 a
583 1586 836 1640 Prisciano‚
869 1585 1040 1640 Phoca,
1081 1585 1299 1628 Diomede
1331 1585 1606 1641 caeterisque
1638 1583 1969 1640 antiquioribus
1997 1583 2075 1626 ob·
2134 1579 2136 1582 ⁴

385 1663 601 1713 seruatus,
635 1671 722 1714 quo
749 1655 976 1699 lactentur
998 1656 1136 1713 pueri,
1170 1671 1272 1699 cum
1292 1656 1521 1698 soliditate
1542 1660 1641 1698 tum
1664 1655 1837 1698 altioris
1858 1654 2073 1710 methodi,

385 1736 483 1772 tum
514 1728 708 1787 purioris
737 1727 1005 1771 latinitatis:
1045 1727 1111 1769 ita
1141 1732 1308 1782 tamen,
1348 1732 1400 1770 vt
1430 1727 1517 1770 toti
1548 1726 1881 1770 Grammaticae
1911 1740 2074 1768 nomen

387 1799 697 1844 Emmanuelis
743 1798 1040 1856 praefigatur3
1096 1813 1232 1855 quam
1277 1798 1326 1841 in
1372 1798 1576 1841 ordinem
1622 1797 1894 1854 modumque
1940 1812 2075 1854 supra

386 1875 684 1914 memoratum
724 1869 954 1912 redactam
993 1884 1112 1912 anno
1151 1870 1377 1927 superiore
1409 1869 1607 1912 Romani
1643 1883 1766 1912 110110
1797 1868 2074 1911 Professores

388 1947 434 1984 et
463 1941 728 1984 facillimam
761 1955 853 1983 esse
885 1944 929 1982 et
959 1940 1257 1998 vtilissilmam
1293 1941 1444 1997 pueris
1475 1941 1778 1998 experiuntur.
1841 1940 2075 1982 Hactenus

386 2013 440 2055 de
473 2012 682 2069 Syntaxi.

526 2088 567 2129 4.
595 2084 874 2126 Rudimenta
913 2098 1053 2139 aequo
1091 2083 1339 2141 prolixiora
1369 2083 1595 2139 videntur,
1635 2088 1688 2126 vt
1724 2083 1779 2140 ijs
1817 2098 1909 2126 non
1940 2083 2074 2126 modo

384 2170 624 2214 puerorum
671 2154 906 2211 ingenium
952 2155 1182 2209 obruatur,
1231 2155 1307 2197 sed
1353 2155 1545 2197 nimium
1591 2154 1728 2197 etiam
1775 2154 2074 2210 detineantur,

386 2231 627 2283 antequam
654 2227 711 2268 ad
734 2226 976 2283 Syntaxim
996 2226 1233 2281 accedant,
1267 2226 1394 2269 cuius
1426 2226 1688 2269 exercitatio
1720 2226 1955 2283 potissima
1982 2241 2074 2268 esse

389 2298 533 2352 debet,
569 2302 613 2339 et
644 2297 864 2353 longioris
894 2296 1072 2353 indiget
1101 2297 1326 2355 temporis.
1389 2297 1538 2354 Igitur
1567 2297 1723 2340 vtilius
1754 2297 1849 2340 fore
1881 2297 2074 2352 videtur,

387 2374 439 2411 vt
479 2369 625 2426 primo
662 2369 761 2411 loco
799 2373 1026 2426 ponantur
1067 2368 1115 2410 in
1157 2368 1464 2411 Grammatica
1509 2373 1554 2411 et
1599 2369 1750 2425 pueris
1796 2369 2078 2426 explicentur

385 2440 542 2482 breues
573 2445 617 2482 et
647 2439 905 2497 perspicuae
938 2439 1159 2496 quaedam
1189 2439 1470 2496 singularum
1501 2439 1595 2482 fere
1626 2441 1825 2497 partium
1848 2441 2077 2484 Orationis

389 2511 722 2568 descriptiones,
750 2511 954 2553 subiecto
983 2525 1073 2554 vno
1097 2515 1176 2554 aut
1196 2511 1337 2553 altero
1360 2511 1577 2569 exemplo.
1627 2512 1830 2555 Secundo
1851 2512 2077 2571 simplices

388 2583 637 2625 Nominum
669 2582 1058 2624 substantiuorum
1090 2582 1415 2624 declinationes
1446 2582 1643 2639 quinque
1675 2599 1730 2625 ex
1760 2598 1862 2641 pag.
1887 2588 1924 2629 1.
1948 2584 2005 2626 ad
2035 2586 2075 2628 6.

390 2667 490 2695 cum
522 2653 668 2710 prima
698 2658 878 2695 tantum
903 2652 1248 2695 Adiectiuorum
1280 2653 1580 2696 declinatione
1610 2670 1664 2697 ex
1695 2670 1798 2712 pag.
1824 2658 1863 2700 7.
1896 2659 1942 2697 et
1974 2669 2076 2697 cum

389 2724 713 2766 Pronominum
774 2723 1155 2767 declinationibus
1215 2738 1268 2766 ex
1321 2738 1424 2781 pag.
1457 2728 1524 2769 12.
1579 2725 1636 2768 ad
1688 2725 1824 2768 finem
1877 2725 2077 2769 decimae

391 2799 578 2837 octavae
609 2799 802 2837 tantum.
864 2796 990 2838 Haec
1022 2795 1142 2837 enim
1174 2794 1319 2850 magis
1349 2796 1598 2838 necessaria
1627 2796 1862 2854 videntur3
1903 2801 2077 2840 caetera

393 2865 562 2907 differri
615 2870 803 2922 possunt
851 2880 942 2908 non
986 2866 1277 2908 incommode.
1355 2866 1504 2909 Tertio
1555 2868 1776 2925 simplices
1823 2868 2077 2911 Verborum

393 2936 745 2991 Coniugationes
777 2937 872 2978 sine
903 2937 1037 2978 Modo
1069 2936 1308 2993 potentiali
1340 2942 1385 2979 et
1418 2940 1698 2995 permissiuo:
1746 2944 1813 2982 est
1850 2939 1969 2981 enim
2001 2939 2078 2981 ob·

393 3021 547 3048 scurus
579 3011 622 3048 et
652 3021 742 3049 non
774 3007 908 3049 valde
938 3007 1223 3050 necessarius.
1287 3009 1434 3059 Quare
1467 3010 1575 3051 satis
1603 3009 1742 3051 fuerit
1770 3015 1874 3067 post
1892 3009 2077 3052 modum

393 3077 743 3122 Subiunctiuum
772 3078 932 3119 addere
956 3077 1073 3120 hanc
1094 3080 1536 3125 annotatiunculam:
1569 3081 1730 3123 Modus
1752 3081 2078 3124 Subiunctiuus
