2143 3462
96 473 204 497 Ultima
221 475 368 499 semihora

128 510 337 539 pomeridiana.

147 1044 315 1075 Respondet

95 1080 204 1110 primae
221 1081 248 1104 in
264 1081 356 1103 Colle-

173 1116 220 1144 gio
241 1116 273 1140 R.

221 1856 247 1878 p.
269 1847 332 1872 284.

124 2255 221 2279 Prima
243 2256 310 2280 hora

94 2292 336 2316 antemeridiana.

147 2753 280 2778 Secunda

89 2790 331 2814 antemeridiana.

388 197 472 245 190
556 206 667 248 Ratio
694 209 895 250 studiorum
924 218 962 251 et
985 206 1242 249 institutiones
1269 205 1513 246 scholasticae
1539 208 1732 249 Societatis
1760 211 1849 250 Jesu
1873 210 1923 251 ῘῘ.

378 333 639 376 eludantur:
673 335 782 377 satis
813 340 879 377 est
911 335 1031 377 enim
1053 339 1214 390 gustus
1238 333 1400 389 aliquis
1420 332 1646 375 Poeticae.
1710 334 1867 377 Altera
1889 335 2079 378 dimidia

376 404 599 446 lacessant
632 420 676 446 se
708 406 843 447 Pueri
875 405 1112 461 sententijs
1144 405 1307 447 Latine
1338 404 1585 447 vertendis.

517 477 571 518 In
612 477 949 519 Grammaticae
989 478 1187 518 Graecae
1228 475 1378 518 verbis
1425 476 1669 517 contractis
1713 476 1958 518 collocetur
2000 492 2079 533 per

375 561 546 587 menses
586 552 822 603 quattuor:
873 547 1050 589 duobus
1087 561 1193 589 vero
1232 546 1418 601 reliquis
1466 547 1730 589 alternatim
1773 548 1848 590 vel
1891 548 2075 590 Graecis

373 622 574 672 vacetur,
598 619 680 660 >vel
713 623 817 660 octo
837 618 984 675 prima
1007 617 1251 659 Prosodiae
1274 621 1514 673 praecepta
1535 622 1832 673 exponantur,
1866 623 1911 660 et
1935 619 2075 660 disso-

371 687 491 729 lutos
522 704 677 731 versus
710 689 887 730 reficere
920 689 1053 731 Pueri
1087 693 1363 741 assuescant,
1396 702 1453 728 ne
1486 687 1579 729 eius
1611 691 1677 729 rei
1708 689 1841 744 plane
1862 690 1995 732 rudes
2017 691 2074 733 ad

371 760 642 815 superiorem
674 760 879 801 ordinem
911 759 1173 813 ascendant,
1215 759 1334 814 quod
1369 758 1779 800 incommodissime
1813 760 1966 802 cedere
1997 776 2071 802 ex-

376 831 629 886 perimento
663 831 1005 887 comprobatum
1039 834 1117 872 est.

796 952 987 999 Primae
1027 951 1200 999 classis
1241 952 1467 1015 superior
1507 951 1642 999 ordo.

513 1044 796 1086 Referendae
844 1044 1060 1086 videntur
1102 1043 1151 1084 in
1198 1043 1320 1085 hunc
1368 1043 1571 1085 ordinem
1618 1045 1762 1100 primo
1802 1045 2070 1100 appendices

370 1115 491 1170 tertij
525 1116 702 1170 generis
734 1115 782 1157 in
814 1115 964 1158 verbis
996 1119 1040 1156 et
1072 1114 1251 1156 casibus
1283 1114 1608 1159 communibus.
1673 1116 1880 1158 Secundo
1911 1116 2070 1158 diffiei-

366 1186 479 1227 liora
525 1186 747 1242 quaedam
803 1187 944 1228 totius
991 1188 1248 1243 Syntaxeos
1295 1185 1457 1242 capita.
1521 1186 1672 1227 Tertio
1720 1187 1918 1242 figurata
1964 1203 2067 1230 con-

365 1257 554 1298 structio
589 1262 633 1298 et
665 1257 780 1300 Vitia
802 1263 895 1299 tam
920 1259 1148 1312 obscurae,
1182 1271 1316 1312 quam
1350 1257 1587 1298 inornatae
1610 1258 1839 1299 orationis.
1893 1258 2064 1307 Quarto

365 1329 692 1384 Patronymica
723 1330 922 1371 nomina.
985 1328 1157 1377 Quinto
1178 1331 1276 1369 tota
1297 1328 1577 1383 syllabarum
1601 1328 1833 1384 dimensio,
1868 1330 2065 1386 exceptis

365 1400 693 1456 appendicibus
725 1406 771 1442 et
802 1400 1090 1442 incrementis
1122 1404 1324 1442 tantum:
1373 1399 1484 1441 haec
1515 1399 1635 1440 enim
1667 1404 1713 1441 et
1744 1399 1968 1457 implicita
1999 1401 2066 1443 ni-

364 1470 506 1512 mium
538 1477 662 1527 sunt,
696 1487 777 1513 nec
810 1473 1054 1515 admodum
1085 1471 1337 1513 necessaria
1369 1470 1610 1513 tironibus:
1653 1486 1913 1527 quanquam
1943 1473 2065 1530 prin-

363 1542 481 1599 cipio
529 1544 783 1599 exponendi
835 1548 982 1586 essent
1036 1542 1364 1585 communiores
1416 1541 1603 1597 quidam
1656 1547 1754 1585 tum
1806 1543 1960 1600 pedes,
2012 1548 2064 1587 vt

362 1613 607 1669 Dactylus,
657 1615 907 1671 Spondeus,
956 1614 1227 1669 TrochanS,
1273 1613 1560 1670 Pyrrichius,
1608 1614 1916 1671 Anapaestus:
1963 1620 2062 1657 tum

362 1700 531 1741 versUS,
564 1690 617 1729 vt
648 1686 933 1741 Hexameter,
966 1687 1265 1740 Pentameter,
1300 1685 1566 1741 Sapphicus,
1588 1685 1925 1742 Asclepiadeus,
1946 1686 2063 1728 Pha-

361 1757 546 1799 leucius.
610 1758 909 1819 Exponentur
948 1758 1132 1800 tandem
1178 1772 1233 1799 ex
1277 1757 1432 1798 Poetis
1472 1757 1665 1799 Ouidius
1708 1757 1763 1799 de
1804 1758 1953 1800 Ponto
1985 1758 2058 1816 et}

360 1828 605 1883 Tristibus,
637 1829 882 1884 Martialis,
923 1833 967 1871 et
1004 1829 1159 1885 siquae
1198 1829 1386 1884 Elegiae
1425 1843 1479 1869 ex
1520 1828 1701 1870 Tibullo
1741 1833 1786 1870 et
1823 1830 2059 1886 Propertio

357 1899 672 1955 seligerentur;
709 1915 761 1942 ex
784 1901 923 1942 Prosa
954 1915 1060 1943 vero
1093 1901 1153 1943 M.
1176 1899 1314 1955 Tullij
1345 1898 1576 1955 Epistolae
1608 1899 1663 1941 ad
1686 1900 1895 1942 Atticum
1926 1904 1971 1941 et
2001 1900 2057 1941 ad

357 1970 579 2019 Quintum
610 1971 817 2026 fratrem,
850 1972 905 2013 de
939 1973 1197 2025 Senectute,
1231 1971 1285 2012 de
1318 1970 1549 2024 Amicitia,
1572 1971 1788 2025 Iustinus,
1823 1971 2058 2012 Commen-

357 2042 458 2098 tarij
495 2043 709 2085 Caesaris.

749 2164 942 2213 Diuisio
982 2164 1211 2213 horarum
1251 2165 1298 2212 in
1340 2164 1433 2213 hoc
1473 2164 1661 2213 ordine.

502 2257 706 2299 Dimidia
738 2257 798 2299 M.
821 2257 1000 2299 Tullius
1030 2257 1104 2300 vel
1125 2257 1288 2299 Caesar
1317 2256 1576 2299 memoriter
1606 2256 1836 2298 reddatur.
1898 2256 2056 2299 Altera

356 2327 546 2370 dimidia
591 2328 873 2386 explicentur
918 2343 1032 2384 quae
1087 2328 1143 2370 ad
1183 2328 1427 2384 Syntaxim
1474 2332 1703 2385 spectant,
1749 2342 1852 2369 cum
1892 2327 2054 2370 exerci-

355 2399 526 2441 tatione
571 2400 827 2442 breuiorum
867 2399 1152 2442 Thematum.
1215 2399 1315 2450 Quo
1359 2415 1466 2443 vero
1505 2399 1577 2441 die
1616 2398 1733 2441 nihil
1769 2414 1823 2441 ex
1856 2398 2053 2455 Syntaxi

354 2471 669 2527 exponendum
708 2477 798 2526 est,
843 2472 1121 2513 scandantur
1159 2477 1205 2513 et
1244 2475 1574 2528 componantur
1604 2485 1781 2525 versus,
1821 2484 1899 2512 seu
1928 2469 2052 2527 prius

354 2541 512 2583 dictati
546 2543 853 2598 corrigantur:
885 2557 967 2584 nec
998 2543 1054 2584 ab
1076 2557 1122 2583 re
1144 2542 1281 2584 fuerit
1300 2541 1482 2598 aliquod
1503 2556 1831 2597 nonnunquam
1850 2541 2050 2584 Verbum

355 2618 433 2653 aut
452 2613 627 2654 Nomen
657 2613 827 2655 inflecti
861 2628 915 2654 ex
947 2613 1292 2667 difficilioribus,
1325 2627 1376 2654 eo
1408 2613 1672 2669 praesertim
1704 2613 1789 2668 die,
1823 2626 1911 2668 quo
1933 2612 2049 2668 Syn-

352 2683 473 2724 taxis
504 2684 758 2740 exponitur.

493 2755 756 2811 Explicetur
802 2756 863 2798 M.
900 2755 1077 2797 Tullius
1129 2755 1202 2797 vel
1250 2755 1413 2796 Caesar
1458 2754 1700 2807 semihora,
1755 2758 1801 2796 et
1851 2754 2047 2812 primum

350 2825 532 2881 quidem
554 2826 735 2881 Latino,
756 2841 860 2868 mox
882 2827 1045 2868 iterum
1066 2825 1247 2881 vulgari
1267 2840 1482 2867 sermone.
1523 2826 1831 2868 Obseruentur
1849 2825 2048 2868 breuiter

350 2902 449 2938 tum
491 2912 605 2952 quae
644 2897 875 2954 pertinent
913 2898 971 2940 ad
1004 2896 1382 2951 Grammaticam,
1421 2901 1519 2938 tum
1551 2897 1733 2954 phrases
1764 2897 2045 2951 illustriores,

350 2973 396 3010 et
426 2968 607 3024 quidem
638 2968 775 3024 paulo
807 2968 1004 3023 vberius,
1043 2983 1179 3023 quam
1216 2967 1266 3009 in
1304 2967 1522 3010 classibus
1559 2968 1860 3011 inferioribus.
1923 2969 2046 3011 Non-

347 3039 463 3081 nihil
496 3039 633 3081 etiam
666 3045 930 3096 aspergatur
961 3038 1228 3081 eruditionis
1255 3043 1299 3080 et
1322 3039 1624 3095 antiquitatis,
1655 3040 1854 3082 breuiter
1876 3043 2042 3094 tamen,

350 3111 456 3165 quia
498 3110 644 3165 magis
691 3110 873 3166 prodest
917 3110 1082 3151 latinas
1126 3110 1308 3166 phrases
1354 3110 1591 3153 obseruare
1637 3115 1771 3166 atque
1816 3111 2043 3153 inculcare
