2148 3402
648 192 691 228 R.
712 196 757 227 st.
779 193 880 228 1586.
919 191 1085 227 Studium
1111 192 1240 235 philos.
1706 183 1790 226 133

102 310 297 367 aliquem
328 314 573 354 tractatum
592 310 973 368 Philosophicum,
1006 309 1082 351 sed
1114 309 1208 351 eius
1229 308 1485 366 opinionem
1519 314 1698 352 tantum
1725 325 1792 352 re-

104 381 251 424 ferant
296 383 345 424 in
391 381 628 438 ordinarijs
676 381 1033 438 quaestionibus:
1082 380 1322 423 ostendant
1369 394 1563 436 quoque,
1618 396 1719 423 eum
1769 396 1794 423 a

101 453 266 495 nostris
297 468 389 496 non
420 454 570 496 minus
600 458 720 496 recte
741 451 952 507 intelligi,
985 466 1121 508 quam
1144 451 1200 493 ab
1222 451 1518 493 Auerroistis:
1551 466 1633 494 nec
1664 452 1792 494 illum

102 538 194 566 esse
225 524 472 567 doctiorem
504 524 605 581 alijs
637 523 942 580 Philosophis,
975 522 1050 564 sed
1083 536 1136 564 ex
1169 521 1377 564 affectata
1410 521 1606 578 quadam
1639 522 1793 565 obscu-

101 595 236 638 ritate
267 610 343 638 seu
374 595 580 638 barbarie
610 609 787 653 parasse
819 593 905 636 sibi
937 593 1253 635 auctoritatem
1285 592 1405 649 apud
1436 592 1614 634 multos.

247 669 313 710 10.
347 667 704 710 Constitutiones
735 669 775 710 4.
801 667 923 708 Part.
958 665 1066 720 Gap.
1091 667 1132 708 9.
1166 667 1203 720 §-
1238 667 1297 708 2.:
1336 664 1533 720 „Aliqui,
1566 663 1794 719 inquiunt,

103 736 346 793 aliquando
379 752 401 779 e
434 736 647 793 Collegijs
678 735 936 789 educentur,
970 735 1089 791 quod
1121 735 1232 792 ipsis
1260 737 1264 791 Ι
1294 735 1350 777 ad
1382 735 1596 777 maiorem
1628 734 1677 776 in
1707 734 1794 790 spi·
1824 754 1850 776 ι)-
1876 745 1935 769 184·

102 807 193 850 ritu
223 808 295 850 vel
327 808 376 849 in
405 808 569 850 litteris
599 807 853 864 profectum
884 806 973 848 alio
1000 805 1246 861 transferri,
1278 807 1350 849 vel
1374 806 1520 862 quoad
1542 806 1795 848 vniuersale

100 879 269 921 bonum
302 879 541 922 Societatis
573 878 833 933 conueniat,
875 884 926 920 ut
965 878 1206 933 accideret,
1238 879 1275 920 si
1306 878 1489 920 Artium
1521 877 1795 920 curriculum

101 951 149 992 in
187 949 338 1005 aliquo
383 950 587 1006 Collegio
626 964 829 992 emensus
869 954 1000 1005 esset,
1046 953 1098 992 vt
1139 949 1315 992 easdem
1354 950 1465 992 alibi
1504 949 1793 1006 praelegeret,

102 1025 207 1063 ante
236 1021 508 1077 Theologiae
548 1021 749 1064 studium
787 1020 1090 1064 educeretur.“
1129 1046 1175 1051 -
1213 1020 1388 1070 Quibus
1426 1035 1480 1063 ex
1521 1020 1672 1062 verbis
1703 1034 1795 1062 non

102 1092 285 1134 obscure
317 1092 548 1148 colligitur
577 1092 759 1135 nonnisi
791 1092 847 1135 ob
880 1093 1080 1148 aliquam
1112 1093 1423 1135 necessitatem
1457 1106 1545 1146 eos,
1579 1091 1657 1148 qui
1687 1106 1798 1133 non-

100 1164 208 1207 dum
230 1164 505 1220 Theologiae
527 1179 707 1207 cursum
729 1165 998 1221 peregerint,
1030 1164 1128 1206 fieri
1156 1163 1316 1206 debere
1347 1163 1669 1219 Philosophiae
1690 1163 1797 1205 Pro-

100 1233 308 1277 fessores:
341 1250 446 1278 nam
478 1236 515 1277 si
547 1235 766 1292 Theologi
797 1250 888 1278 non
919 1235 1103 1290 fuerint,
1136 1235 1286 1277 minus
1325 1239 1456 1277 erunt
1491 1234 1583 1276 tuti
1613 1235 1662 1276 in
1694 1249 1797 1277 con-

102 1305 337 1362 cludendo,
369 1306 418 1348 in
443 1306 688 1364 probando,
720 1308 769 1349 in
790 1307 1034 1363 loquendo:
1063 1306 1222 1348 aetatis
1254 1306 1403 1348 minus
1434 1309 1657 1347 maturae:
1693 1305 1794 1347 doc-

102 1377 246 1419 trinae
265 1392 424 1434 parum
442 1377 611 1420 vberis:
634 1377 713 1421 vix
736 1377 979 1420 dissoluere
1009 1381 1223 1435 poterunt
1253 1381 1520 1433 argumenta
1540 1376 1797 1419 Infidelium

101 1449 231 1491 iuxta
261 1449 504 1491 Decretum
536 1449 725 1505 Concilij
745 1449 1055 1502 Lateranens.;
1088 1463 1233 1505 neque
1253 1449 1318 1490 ita
1339 1447 1681 1505 Philosophiam
1700 1462 1796 1504 per-

102 1520 386 1576 tractabunt,
433 1523 485 1563 vt
527 1519 800 1576 Theologiae
844 1520 1080 1562 deseruiat.
1143 1520 1345 1562 Tandem
1392 1534 1493 1561 cum
1539 1523 1693 1576 postea
1740 1518 1796 1561 ad

101 1590 374 1647 Theologiae
407 1591 679 1635 studendum
699 1593 976 1647 accesserint,
1010 1592 1089 1635 vix
1108 1595 1296 1649 possunt
1323 1606 1368 1633 se
1392 1605 1559 1647 gerere,
1591 1594 1643 1632 vt
1665 1590 1797 1632 disci-

102 1662 230 1719 pulos
262 1662 397 1706 decet.

244 1736 312 1777 11.
346 1734 701 1778 Constitutiones
737 1737 778 1779 4.
810 1735 935 1777 Part.
975 1735 1083 1791 Cap.
1118 1737 1156 1779 6.
1191 1734 1252 1776 Μ.
1297 1733 1527 1790 priuatum
1570 1733 1707 1774 etiam
1753 1737 1798 1774 et

104 1805 307 1861 quietum
339 1805 536 1848 studium
571 1806 881 1863 praescribunt
899 1805 1077 1848 Nostris
1100 1805 1208 1848 dum
1231 1805 1423 1847 audiunt
1442 1804 1796 1860 Philosophiam,

104 1890 219 1932 „quo
242 1880 441 1934 tempore
460 1881 653 1934 possent,
687 1876 915 1933 inquiunt,
948 1877 986 1918 si
1006 1877 1189 1919 Rectori
1219 1876 1460 1930 videretur,
1483 1875 1798 1918 commentari-

99 1961 177 1989 um
208 1947 407 2003 aliquem
438 1948 603 2004 videre,
637 1949 714 2005 qui
745 1948 838 1990 fere
870 1964 987 1994 Vnus
1019 1953 1063 1991 et
1093 1949 1130 1990 is
1163 1948 1345 2004 quidem
1377 1948 1566 1989 selectus
1599 1962 1692 1988 esse
1724 1946 1796 1988 de-

99 2017 264 2060 beret.“
302 2042 355 2050 ——
377 2020 512 2062 Hunc
534 2035 639 2063 vero
662 2025 922 2078 praeceptor
941 2020 1016 2064 vni
1043 2020 1203 2076 cuique
1223 2020 1413 2075 diuidat,
1434 2022 1569 2076 prout
1589 2019 1797 2076 expedire

100 2087 387 2144 indicauerit,
429 2089 670 2133 dummodo
708 2092 747 2133 is
786 2092 1000 2134 Auerrois
1041 2107 1133 2134 non
1174 2091 1252 2145 sit,
1291 2106 1373 2133 nec
1405 2090 1634 2134 obscurior
1666 2090 1796 2144 alius,

100 2158 188 2200 nisi
218 2159 336 2202 forte
366 2160 415 2202 in
446 2161 783 2219 Metaphysicis

243 2234 311 2274 12.
343 2231 467 2273 Duas
499 2233 699 2288 quotidie
728 2234 954 2289 lectiones,
987 2235 1388 2276 antemeridianam
1419 2248 1577 2288 Vnam,
1609 2233 1796 2275 alteram

100 2301 471 2357 pomeridianam,
522 2307 567 2345 et
616 2306 864 2361 quamlibet
912 2306 1046 2348 vnius
1096 2306 1231 2348 horae
1275 2305 1473 2348 habeant
1520 2304 1797 2347 Professores

102 2371 438 2430 Philosophiae:
479 2375 599 2430 quod
639 2380 787 2418 autem
827 2377 885 2419 ad
922 2392 1090 2419 morem
1131 2377 1334 2419 dictandi
1378 2381 1573 2433 spectat,
1620 2380 1798 2418 seruent

103 2443 222 2498 quod
253 2443 307 2485 de
338 2444 579 2502 Theologis
611 2446 784 2489 dictum
812 2451 817 2501 Ι
846 2451 924 2489 est.
989 2448 1077 2497 Qui
1116 2463 1223 2490 vero
1262 2463 1354 2490 non
1387 2448 1577 2502 dictant,
1611 2447 1677 2489 ita
1709 2447 1796 2489 sibi
1817 2463 1845 2486 v·
1860 2455 1918 2478 18⁵-

102 2518 350 2571 temperent
382 2516 431 2557 111
462 2517 666 2573 legendo,
700 2524 765 2574 vt,
797 2535 910 2576 quae
942 2520 1152 2561 annotari
1183 2524 1379 2577 oportet,
1414 2519 1645 2561 commode
1678 2519 1795 2562 exci-

104 2585 233 2640 piant
263 2586 502 2629 auditores
565 2589 696 2639 Quod
735 2590 772 2631 si
810 2590 1026 2646 praestari
1064 2604 1155 2631 non
1193 2592 1361 2647 poterit
1398 2595 1493 2633 tam
1529 2594 1707 2645 exacte,
1746 2595 1798 2632 vt

103 2669 194 2697 non
223 2656 480 2712 frequenter
511 2660 687 2702 accidat
716 2661 859 2702 multa
890 2661 1132 2703 desiderari
1164 2661 1211 2702 in
1250 2662 1428 2719 scriptis
1460 2662 1795 2719 discipulorum,

105 2727 224 2781 quod
254 2729 430 2784 assequi
465 2729 699 2773 docentem
735 2747 828 2774 non
860 2732 1053 2789 possint,
1086 2732 1278 2774 lectione
1309 2733 1455 2788 finita,
1485 2748 1541 2775 ne
1572 2732 1795 2789 repetitio,

105 2811 217 2852 quae
255 2800 412 2841 statim
449 2801 576 2856 sequi
613 2801 806 2857 deberet,
846 2802 1220 2859 interrumpatur,
1265 2804 1495 2860 discipulis
1535 2803 1795 2846 curantibus

105 2869 252 2924 potius
279 2885 342 2925 ea,
376 2886 490 2926 quae
509 2872 684 2929 scriptis
706 2873 880 2927 desunt,
911 2874 1134 2928 resarcire,
1167 2888 1303 2929 quam
1323 2875 1583 2931 repetitioni
1599 2877 1794 2916 attentos

107 2953 151 2981 Se
187 2941 416 2996 praebere,
456 2956 613 2999 operae
657 2944 851 3001 pretium
891 2944 1049 2999 fuerit,
1088 2945 1351 3001 priusquam
1390 2945 1448 2986 ad
1483 2943 1794 3001 repetitionem

107 3012 328 3068 veniatur,
360 3013 683 3070 aliquantisper
713 3014 950 3057 subsistere
981 3016 1343 3071 Praeceptorem,
1383 3015 1524 3057 donec
1557 3013 1793 3065 auditores,

109 3081 198 3137 qui,
228 3097 306 3142 per
336 3084 468 3127 initia
499 3085 780 3141 praesertim,
823 3085 1024 3128 lactandi
1061 3086 1390 3142 quodammodo
1423 3089 1541 3139 sunt,
1583 3083 1794 3140 expleant
