2084 3441
291 170 347 218 36
481 180 590 220 Ratio
618 180 818 221 studiorum
845 190 883 221 et
908 179 1160 221 institutiones
1187 178 1430 220 scholasticae
1455 178 1649 221 societatis
1674 180 1764 222 Jesu
1789 181 1828 222 ΙΙ

288 304 531 347 formulam
560 305 792 360 deuenere,
825 304 901 347 sed
934 310 978 347 et
997 304 1295 361 multiplicem
1326 303 1467 346 iniere
1499 303 1781 360 diuisionem,
1816 311 1860 348 et
1891 321 1984 349 non

288 376 438 430 semel,
470 391 551 419 nec
585 377 744 419 leuiter
776 376 828 418 de
860 375 943 418 hac
964 380 1061 417 tota
1081 390 1127 417 re
1150 375 1473 430 deliberarunt,
1496 379 1712 431 tanquam
1734 376 1787 418 de
1809 392 1984 420 summa

288 452 332 489 et
372 447 554 490 cardine
594 463 775 490 suarum
814 446 1210 490 consultationum.
1281 444 1539 488 Veniebant
1570 459 1675 488 sane
1706 446 1754 488 in
1787 452 1984 490 mentem

287 524 376 560 tres
406 519 694 575 potissimum
727 517 928 560 methodi
961 532 1010 558 ac
1041 515 1274 558 formulae.
1338 516 1441 559 Vna
1477 517 1672 573 quidem,
1706 532 1819 574 quae
1851 534 1984 575 gene-

286 589 458 632 ralibus
497 591 673 646 aliquot
712 589 881 645 regulis
920 591 1132 630 contenta
1169 587 1287 629 nihil
1324 587 1538 630 distincte
1579 603 1631 630 ac
1668 590 1982 645 particulatim

287 660 340 702 de
372 661 563 716 singulis
595 660 829 714 sententiis
863 659 1136 701 decerneret.
1200 658 1359 700 Altera
1389 672 1510 711 vero,
1536 674 1648 714 quae
1667 659 1783 701 nihil
1804 661 1985 703 vniuer-

287 732 370 774 sim
402 733 695 789 praeciperet,
737 731 826 785 sed,
865 730 919 772 de
952 744 1224 785 vnaquaque
1265 730 1524 785 quaestione
1558 729 1667 786 quid
1699 731 1985 774 sentiendum

286 810 412 857 esset,
446 803 676 845 enucleate
707 800 1042 858 praescriberet.
1106 801 1342 842 Postrema
1373 800 1581 856 denique,
1614 801 1662 842 in
1686 816 1786 857 qua,
1811 802 1984 845 duabus

285 874 511 931 prioribus
542 880 762 929 tanquam
795 872 1006 914 extremis
1037 871 1377 928 praetermissis,
1410 872 1610 914 medium
1644 872 1871 928 quoddam
1898 873 1984 916 iter

286 950 471 999 teneret,
505 945 590 987 hoc
622 950 701 998 est,
738 943 960 999 quaedam
991 943 1039 985 in
1072 957 1235 998 genere
1268 947 1501 997 statueret,
1535 943 1592 985 ad
1612 943 1701 985 alia
1722 957 1825 986 vero
1847 945 1986 1001 expli-

286 1018 372 1059 cite
406 1015 661 1058 definienda
693 1014 992 1057 descenderet.
1057 1013 1222 1055 Tribus
1256 1018 1402 1056 autem
1441 1029 1495 1056 ex
1525 1013 1588 1071 ijs,
1610 1013 1815 1056 formulis
1834 1017 1985 1058 nouis-

287 1088 400 1129 sima
431 1088 625 1144 probata
657 1092 737 1129 est.

428 1159 583 1200 Prima
624 1173 821 1214 namque
868 1156 1120 1212 methodus,
1170 1171 1258 1213 quo
1307 1156 1548 1200 videbatur
1583 1159 1587 1210 Ι
1623 1157 1885 1214 expeditior,
1933 1173 1984 1202 eo

285 1231 434 1274 minus
484 1230 784 1287 pollicebatur
836 1228 1066 1272 vtilitatiS.
1144 1228 1379 1284 Siquidem
1432 1229 1480 1271 P.
1530 1228 1669 1270 etiam
1718 1228 1985 1272 Franciscus

285 1303 455 1358 Borgia
496 1317 593 1344 eam
637 1301 761 1344 viam
801 1301 1029 1357 ingressus
1069 1304 1147 1355 est,
1182 1304 1226 1341 et
1259 1299 1312 1341 de
1346 1299 1563 1356 opinandi
1594 1300 1770 1341 ratione
1800 1315 1985 1356 genera-

284 1373 390 1416 liter
431 1373 574 1416 multa
615 1373 783 1427 sanxit,
826 1387 940 1428 quae
980 1376 1133 1413 tamen
1164 1385 1324 1428 parum
1356 1371 1584 1425 obstitere,
1616 1386 1672 1413 ne
1704 1386 1758 1413 ex
1789 1386 1839 1414 eo
1873 1376 1984 1415 tem-

284 1460 390 1503 pore
421 1445 633 1502 pleraque
665 1443 844 1487 Nostris
875 1443 1144 1497 acciderent,
1177 1457 1291 1498 quae
1323 1457 1405 1484 nec
1437 1442 1663 1499 periculiS,
1696 1458 1778 1484 nec
1809 1442 1985 1500 aliquot

285 1516 533 1559 discordiae
566 1515 814 1558 seminibus
845 1519 1080 1558 vacarunt.
1143 1513 1245 1570 Ipse
1277 1512 1414 1555 etiam
1436 1514 1487 1555 P.
1512 1513 1745 1555 Generalis
1768 1514 1985 1557 Claudius

284 1588 527 1644 Aquauiua
547 1586 743 1629 secundo
766 1587 836 1628 sui
857 1585 1157 1628 Generalatus
1178 1599 1297 1627 anno
1315 1584 1538 1627 nonnulla
1560 1585 1726 1627 statuit
1748 1585 1796 1626 in
1821 1599 1983 1641 genere

285 1659 338 1701 de
379 1659 601 1701 sentiendi
641 1658 852 1700 libertate
891 1656 1163 1699 cohibenda:
1205 1671 1320 1712 quae
1362 1660 1516 1698 tamen
1555 1656 1664 1698 satis
1702 1670 1794 1698 non
1836 1655 1982 1712 fuisse,

286 1730 603 1787 quotidianum
649 1729 898 1772 declarauit
938 1727 1310 1785 experimentum,
1357 1742 1460 1770 cum
1505 1727 1688 1769 crebrae
1735 1727 1792 1769 ad
1835 1728 1984 1784 ipsum

285 1802 568 1860 perferantur
608 1802 787 1844 litterae
827 1816 881 1843 ex
924 1800 1062 1857 varijs
1099 1798 1346 1856 prouincijs
1386 1798 1440 1841 de
1479 1803 1736 1841 nostrorum
1767 1798 1986 1855 professo-

283 1887 384 1914 rum
415 1872 488 1914 vel
519 1872 661 1914 nimia
694 1871 995 1926 contentione,
1029 1871 1103 1912 vel
1149 1870 1440 1927 opinionibus
1472 1884 1565 1912 non
1596 1870 1841 1913 admodum
1882 1883 1983 1928 pro-

284 1943 415 1985 batis.
479 1943 654 1986 Idcirco
686 1943 832 2000 prima
864 1942 975 1985 haec
1007 1941 1246 1984 methodus
1279 1941 1414 1983 facile
1446 1942 1614 1983 reiecta
1645 1941 1747 1983 fuit.

425 2015 500 2057 Ad
521 2015 706 2056 alteram
729 2013 1019 2071 postmodum
1039 2017 1227 2056 ventum
1247 2017 1329 2068 est,
1354 2028 1482 2069 quae,
1505 2012 1612 2054 licet
1631 2013 1827 2055 multum
1848 2028 1980 2071 spon-

285 2086 410 2129 deret
440 2085 780 2143 perspicuitatis
819 2085 1020 2127 dilucida
1054 2085 1257 2127 omnium
1290 2084 1611 2141 explanatione
1652 2085 1981 2140 quaestionum,

285 2159 501 2200 continuo
536 2164 688 2199 tamen
720 2156 978 2214 improbata
1010 2171 1096 2208 est:
1130 2161 1229 2198 tum
1263 2156 1370 2212 quia
1400 2155 1449 2197 in
1479 2156 1747 2198 immensum
1778 2154 1982 2198 extrahe-

284 2235 352 2273 ret
392 2228 478 2271 hoc
519 2244 643 2286 opus,
683 2228 937 2285 expositum
968 2228 1230 2286 praesertim
1262 2227 1469 2284 pluribus
1501 2227 1688 2281 euentis,
1721 2227 1884 2283 quibus
1915 2227 1983 2269 in-

284 2300 639 2343 tercursantibus
670 2299 802 2342 facile
830 2299 981 2356 potuit
1010 2299 1246 2356 intercipi,
1295 2303 1393 2341 tum
1427 2299 1532 2355 quia
1566 2298 1806 2340 diuturnae
1848 2298 1982 2342 huius

283 2387 442 2429 operae
483 2372 662 2414 vtilitas
700 2370 859 2413 fuisset
898 2385 1036 2428 prope
1067 2371 1208 2426 nulla,
1242 2386 1345 2413 cum
1377 2371 1426 2413 in
1457 2370 1730 2426 Theologica
1761 2369 1980 2414 facultate

283 2444 495 2501 pleraque
528 2447 650 2484 certa
683 2443 772 2484 sint
804 2442 858 2484 de
889 2442 995 2500 fide,
1027 2443 1173 2485 multa
1205 2442 1344 2485 etiam
1371 2442 1436 2484 ita
1456 2447 1634 2499 recepta
1655 2457 1706 2483 ac
1727 2442 1977 2498 perspicua,

283 2520 335 2557 vt
375 2514 639 2556 definitione
678 2528 770 2556 non
808 2513 1071 2569 indigeant,
1117 2518 1216 2556 tum
1257 2513 1452 2568 demum,
1491 2513 1598 2569 quia
1641 2513 1979 2556 intolerandum

284 2585 462 2627 Nostris
502 2585 659 2640 iugum
698 2585 941 2639 videretur,
983 2585 1019 2626 si
1063 2585 1215 2627 omnia
1255 2584 1412 2627 docere
1451 2587 1717 2640 cogerentur
1761 2598 1815 2625 ex
1853 2598 1980 2641 prae-

283 2655 465 2711 scripto,
511 2654 636 2696 nulla
678 2654 854 2710 reliqua
898 2654 1019 2697 facta
1062 2661 1287 2713 potestate
1330 2655 1469 2697 libere
1513 2654 1731 2711 opinandi
1774 2654 1880 2698 vllis
1925 2655 1979 2698 de

283 2726 427 2768 rebus
492 2725 613 2775 Quin
653 2726 788 2768 etiam
830 2730 925 2768 tam
966 2727 1130 2769 seueris
1162 2727 1339 2782 legibus
1370 2726 1553 2782 ingenia
1586 2727 1854 2768 Nostrorum
1885 2740 1979 2769 non

283 2797 416 2840 modo
456 2797 647 2853 astringi
678 2811 770 2839 non
804 2797 967 2839 debent
1000 2799 1047 2840 in
1081 2798 1289 2840 omnibus
1318 2797 1589 2853 Theologiae
1622 2796 1976 2853 quaestionibus,

191 2907 199 2916 .
259 2868 363 2912 ‚sed
394 2883 449 2910 ne
480 2868 527 2909 in
559 2868 614 2923 ijs
648 2867 843 2924 quidem,
875 2883 985 2924 quas
1018 2869 1062 2910 S.
1087 2869 1282 2910 Thomas
1311 2872 1315 2921 Ι
1342 2873 1603 2925 pertractat,
1636 2867 1977 2925 probatissimus

284 2941 391 2983 licet
434 2945 577 2981 autor.
641 2939 802 2995 Itaque
847 2939 1025 2981 disertis
1067 2939 1230 2994 verbis,
1273 2954 1354 2982 nec
1394 2940 1528 2981 semel
1568 2938 1814 2981 affirmauit
1845 2938 1900 2980 R.
1923 2938 1975 2980 P.

286 3010 535 3066 Generalis,
568 3009 688 3053 nolle
721 3025 765 3052 se
796 3010 977 3067 penitus
1008 3009 1224 3065 inhibere,
1256 3025 1312 3052 ne
1343 3010 1498 3052 liceret
1529 3010 1705 3052 Nostris
1738 3009 1831 3051 vlla
1862 3009 1911 3050 in
1930 3023 1977 3051 re

286 3096 312 3125 a
350 3083 394 3126 S.
427 3081 600 3124 Thoma
638 3081 862 3136 recedere,
903 3086 948 3123 et
990 3081 1151 3123 merito
1190 3096 1307 3137 sane,
1348 3085 1447 3123 tum
1485 3096 1542 3124 ne
1573 3079 1775 3140 profiteri
1805 3084 1975 3122 sectam
