2148 3402
525 193 568 230 R.
583 200 628 231 st.
646 195 746 232 1586.
798 194 970 231 Delectns
997 193 1207 240 opinionum
1234 195 1344 232 theol.
1697 186 1782 230 205

87 318 351 375 opinionum
382 317 431 358 in
462 317 736 373 Theologica
768 316 984 358 facultate
1016 317 1293 372 pertineant:
1335 316 1593 359 inserantur
1631 317 1783 372 itaque

86 389 321 441 formulae,
352 403 465 444 quae
493 388 717 445 principio
744 388 932 443 ‚Regalis
965 387 1171 429 undecim
1210 388 1530 444 comprehensa
1567 388 1666 429 fuit.
1723 389 1783 429 Et

88 460 303 516 quoniam
326 460 486 501 harum
512 460 732 514 quaedam
761 464 866 500 sunt
892 458 1125 512 eiusmodi,
1158 463 1209 500 ut
1231 473 1304 500 eas
1326 459 1481 500 docere
1506 459 1657 500 Nostri
1690 474 1782 500 non

86 532 178 572 sint
208 530 419 583 cogendi:
452 530 671 585 quaedam
705 534 854 571 autem
886 529 1137 585 sequendae
1169 529 1380 571 omnibus
1402 530 1781 586 praescribantur,

84 601 246 658 prioris
273 601 443 643 ordinis
476 616 589 656 qnae
629 606 735 642 sunt
766 600 822 642 ad
855 601 1080 656 Regulam
1113 601 1320 655 quintam
1351 601 1622 645 referantur:
1671 616 1783 656 quae

84 687 189 715 Vero
230 672 500 728 posterioris,
534 672 590 713 ad
623 677 797 714 sextam
828 672 914 714 hoc
945 671 1036 713 fere
1069 671 1216 714 modo.

226 744 381 785 Posita
420 743 599 798 Regula
636 743 813 798 quinta,
861 748 904 784 et
941 743 1182 785 sententiis
1221 758 1275 784 ex
1316 742 1470 784 Prima
1509 743 1553 787 S.
1586 743 1784 784 Thomae

85 816 220 856 Parte
251 814 478 867 subiectis,
509 815 623 856 istae
656 814 770 856 aliae
802 815 1020 856 continuo
1053 814 1394 856 subnectantur.

532 923 640 972 Non
681 929 918 988 cogantur
956 923 1121 972 Nostri
1161 923 1339 972 docere

640 1007 711 1056 Ex
750 1007 912 1055 Prima
951 1006 1224 1056 Secundae:

227 1092 263 1131 1.
298 1087 636 1130 Beatitudinem
668 1087 901 1129 formalem
935 1088 1030 1130 siue
1052 1088 1306 1130 naturalem
1340 1088 1454 1142 viae,
1483 1092 1489 1145 Ι
1518 1088 1611 1130 siue
1634 1104 1784 1145 super·
1816 1110 1852 1135 ,μ
1881 1113 1905 1136 -,ι,

82 1159 336 1200 naturalem
374 1158 557 1199 Patriae
599 1161 840 1200 consistere
881 1160 929 1200 in
973 1164 1080 1201 actu
1127 1159 1400 1213 intellectUS,
1445 1159 1652 1215 quamuis
1700 1160 1784 1201 hoc

82 1230 363 1286 probabilius
395 1230 468 1271 sit.
492 1245 533 1286 q.
557 1232 598 1272 3.
623 1246 660 1274 a.
681 1233 722 1274 4.

224 1306 262 1346 2.
297 1302 404 1343 Sine
457 1301 646 1358 practici
691 1301 951 1344 intellectus
999 1317 1145 1343 errore
1192 1317 1271 1344 seu
1319 1302 1487 1344 actuali
1535 1302 1786 1344 inconside-

81 1373 258 1414 ratione
289 1387 380 1414 non
412 1388 539 1429 posse
561 1388 653 1414 esse
673 1388 863 1429 prauam
888 1373 1153 1415 Voluntatis
1177 1373 1440 1415 electionem
1469 1377 1513 1414 et
1533 1378 1781 1430 peccatum.

81 1459 122 1499 q.
148 1447 216 1487 77.
240 1459 277 1486 a.
302 1448 339 1488 2.

224 1518 264 1560 3.
298 1515 544 1572 Imperium
569 1530 644 1557 seu
664 1515 810 1570 legem
833 1530 926 1556 esse
949 1520 1100 1557 actum
1126 1516 1396 1559 intellectus,
1422 1533 1462 1573 q.
1489 1521 1555 1562 17.
1580 1533 1618 1559 a.
1638 1522 1781 1574 1.—q,

83 1590 152 1631 90.
176 1602 214 1629 a.
242 1590 279 1630 1.

223 1661 264 1701 4.
298 1658 561 1699 Bonitatem
599 1662 643 1699 et
682 1658 906 1700 malitiam
945 1660 1160 1701 moralem
1200 1675 1291 1701 esse
1324 1660 1604 1702 differentias
1636 1676 1782 1702 essen-

80 1730 210 1771 tiales
241 1734 368 1771 actus
399 1729 627 1771 interioris
660 1730 924 1771 Voluntatis
956 1731 1127 1787 sumpti
1159 1732 1406 1773 secundum
1439 1747 1530 1773 esse
1562 1733 1781 1774 naturale.

82 1817 122 1857 q.
148 1803 216 1845 20.
242 1816 279 1845 a.
304 1805 341 1844 1.
365 1805 449 1842 etc.

223 1875 263 1915 ἵ).
298 1872 465 1914 Actum
498 1872 789 1926 exteriorem,
823 1872 918 1914 siue
949 1878 1001 1915 ut
1035 1878 1101 1915 est
1125 1874 1353 1916 obiectum
1375 1875 1656 1929 Voluntatis,
1688 1875 1782 1916 siue

81 1949 133 1986 ut
156 1948 222 1985 est
242 1944 292 1985 in
312 1944 587 1998 executione,
620 1958 712 1985 non
743 1944 908 1986 habere
939 1944 1192 1986 formaliter
1211 1946 1462 1987 bonitatem
1493 1951 1539 1987 et
1560 1947 1782 1988 malitiam

82 2016 296 2058 moralem
328 2031 381 2056 ex
415 2015 591 2057 obiecto
624 2020 669 2057 et
700 2015 1066 2058 circumstantiis.
1100 2032 1141 2072 q.
1165 2020 1233 2061 74.
1256 2032 1294 2058 a.
1314 2020 1354 2061 2.

224 2091 263 2131 6.
296 2088 477 2129 Praeter
508 2087 845 2129 Fortitudinem
886 2094 932 2128 et
962 2087 1327 2144 Temperantiam
1367 2088 1416 2129 in
1449 2088 1653 2145 appetitu
1686 2104 1784 2130 sen-

88 2159 223 2201 sitino
262 2173 355 2200 non
395 2174 487 2200 esse
527 2159 639 2200 alios
678 2159 921 2201 earundem
960 2159 1185 2201 virtutum
1226 2159 1408 2201 habitus
1441 2160 1489 2201 in
1523 2161 1782 2203 Voluntate.

82 2247 123 2287 q.
147 2234 216 2275 56.
238 2246 277 2273 a.
300 2234 341 2274 4.

225 2307 264 2347 7.
297 2302 594 2344 Prudentiam
626 2316 718 2343 esse
749 2317 891 2344 vnum
924 2301 1146 2344 habitum.
1180 2318 1222 2358 q.
1246 2305 1315 2346 60.
1340 2317 1378 2347 a.
1404 2306 1441 2346 1.
1466 2302 1523 2344 ad
1558 2307 1578 2347 1
1598 2313 1644 2345 ¹¹¹.

225 2377 264 2418 8.
299 2373 409 2415 Dari
430 2373 635 2416 Virtutes
658 2374 848 2415 morales
874 2373 1048 2416 infusas
1074 2389 1127 2415 ex
1151 2389 1313 2429 genere
1335 2375 1515 2416 realiter
1540 2374 1780 2417 distinctas

84 2462 110 2487 a
141 2445 327 2487 caeteris
359 2444 579 2486 omnibus.
613 2460 654 2500 q.
677 2448 744 2489 63.
770 2460 808 2489 a.
832 2448 872 2489 53

224 2521 264 2561 9.
298 2518 430 2558 Dona
463 2516 660 2573 Spiritus
691 2516 835 2557 sancti
868 2531 959 2558 esse
990 2516 1173 2558 habitus
1206 2517 1318 2559 alios
1344 2532 1369 2559 a
1391 2518 1669 2572 Virtutibus,
1702 2534 1779 2561 seu

81 2591 275 2632 Fructus
317 2592 362 2629 et
400 2588 716 2630 Beatitudines
759 2603 852 2629 esse
897 2593 1025 2629 actus
1066 2588 1178 2629 alios
1220 2588 1276 2629 ab
1321 2589 1497 2630 actibus
1540 2590 1779 2632 virtutum.

83 2676 124 2716 q.
143 2664 212 2704 68.
237 2663 306 2704 69.
331 2662 399 2703 70.

228 2734 295 2775 10.
330 2730 576 2785 Originalis
629 2730 803 2786 peccati
854 2731 1107 2772 subiectum
1163 2747 1256 2773 esse
1303 2733 1480 2774 animae
1526 2733 1778 2775 essentiam.

84 2818 124 2859 q.
147 2806 216 2846 83.
242 2818 280 2844 a.
305 2805 344 2846 2.

227 2878 293 2917 11.
327 2871 524 2914 Ratione
563 2871 703 2914 solius
741 2872 944 2914 iustitiae
985 2873 1221 2928 originalis
1261 2874 1411 2917 Adam
1450 2890 1543 2917 non
1582 2877 1779 2932 potuisse

84 2958 263 2999 peccare
295 2943 547 2996 venialiter,
581 2947 821 2998 antequam
856 2945 1120 2986 mortaliter.
1154 2961 1195 3001 q.
1220 2949 1288 2990 89.
1310 2962 1349 2988 a.
1374 2949 1414 2989 3.

229 3018 296 3058 12.
329 3014 558 3069 Angelum
590 3028 682 3055 non
713 3015 911 3070 potuisse
935 3016 1061 3071 prius
1083 3017 1335 3070 venialiter,
1369 3033 1503 3072 quam
1527 3017 1777 3059 mortaliter

85 3098 278 3139 peccare.
312 3100 353 3140 q.
377 3087 446 3128 89.
470 3099 509 3128 a.
532 3087 573 3127 4.
