2143 3462
244 1142 347 1173 p.287.

236 3004 262 3026 ι».
275 2995 336 3021 288.

373 210 456 258 19⁶2
534 219 649 261 Ratio
677 221 882 262 studiorum
909 226 947 262 et
972 220 1230 262 institutiones
1257 219 1499 262 scholasticae
1525 219 1724 262 Societatis
1751 222 1841 263 Jesu
1867 221 1904 263 ῘῘ

368 359 482 399 quae
522 349 628 386 sunt
665 346 848 403 propria
878 345 1081 388 inferiori
1121 346 1270 388 ordini
1309 345 1541 387 Secundae
1572 346 1725 388 classis
1764 353 2068 404 exponantur:

368 415 602 470 Superiori
623 430 730 457 vero
756 416 904 458 ordini
927 422 1025 458 tota
1042 417 1263 473 Syntaxis
1284 416 1380 457 sine
1402 416 1726 472 appendicibus
1744 417 2068 473 Emmanuelis,

366 485 444 527 sed
477 500 579 528 cum
610 486 745 544 primi
777 492 822 528 et
853 487 1038 529 secundi
1075 487 1251 542 generis
1283 487 1610 543 appendicibus
1650 502 1729 544 per
1760 488 1941 530 ordines
1972 504 2070 532 ver-

368 556 541 599 borum.

507 628 699 682 Primae,
732 629 817 670 hoc
849 634 929 683 est,
962 629 1202 685 superioris
1234 629 1389 671 classis
1420 628 1569 671 ordini
1589 629 1807 685 inferiori,
1838 636 2069 688 repetatur

366 704 467 740 tota
500 699 739 755 Syntaxis,
781 700 858 742 sed
898 700 1067 741 additis
1104 700 1314 742 omnibus
1355 715 1458 742 cum
1496 700 1697 756 figurata
1734 702 2069 745 constructione

366 775 411 810 et
442 771 789 826 PatronymiciS.
839 771 1071 827 Superiori
1104 777 1255 813 autem
1287 771 1436 813 ordini
1456 771 1705 828 explicetur
1724 772 1945 815 Prosodia
1967 788 2068 815 cum

364 841 563 897 reliquis,
585 856 698 897 quae
716 841 772 882 ad
790 842 976 883 classem
997 842 1312 884 Humanitatis
1328 842 1569 900 pertinent.
1610 842 1734 885 Illud
1751 858 1858 886 vero
1878 843 2068 886 interest

365 912 484 953 inter
504 912 765 954 huiusmodi
784 913 989 968 Collegia
1006 913 1202 955 duorum
1221 914 1545 969 Magistrorum
1579 919 1625 954 et
1646 920 1836 969 caetera,
1870 915 1989 971 quod
2020 916 2068 957 in

365 983 476 1037 istiS,
496 998 609 1039 quae
619 984 890 1026 vnicuilibet
907 984 1057 1025 ordini
1069 985 1252 1041 propria
1263 989 1383 1038 sunt,
1401 985 1584 1026 nonnisi
1597 999 1677 1041 per
1694 1000 1863 1027 annum
1880 992 2070 1042 possunt

365 1054 555 1108 absolui,
579 1054 626 1096 in
659 1056 846 1096 caeteris
867 1059 1018 1097 autem
1049 1070 1126 1112 per
1157 1055 1454 1109 semiannum,
1486 1061 1801 1112 praeterquam
1821 1056 1870 1098 in
1893 1057 2068 1099 duobus

369 1124 547 1166 Tertiae
561 1125 714 1166 classis
728 1125 976 1181 ordinibus,
994 1126 1198 1184 quolrum
1210 1126 1398 1168 cuilibet
1407 1127 1630 1168 trimestre
1647 1127 1843 1183 spatium
1859 1128 1968 1169 satis
1987 1134 2066 1170 est.

505 1197 603 1237 Iam
641 1196 795 1238 classis
834 1212 1126 1253 quaecunque
1163 1198 1274 1240 duos
1313 1198 1490 1239 ordines
1530 1198 1613 1239 sub
1650 1212 1741 1240 vno
1773 1199 2067 1255 Praeceptore

363 1267 688 1324 complectitur,
721 1283 814 1310 non
845 1269 1023 1325 indiget
1055 1270 1284 1311 distinctis
1315 1274 1394 1311 aut
1424 1269 1720 1311 Thematibus
1753 1274 1833 1311 aut
1864 1269 2068 1312 lectioni-

363 1338 459 1380 bus.
506 1339 622 1381 Nam
655 1339 826 1381 Thema
858 1355 1000 1382 vnum
1020 1341 1157 1397 paulo
1176 1340 1359 1395 longius
1380 1340 1647 1382 dictandum
1665 1346 1744 1395 est,
1779 1341 1899 1396 quod
1918 1346 2065 1383 totum

361 1409 419 1450 ab
452 1410 607 1451 ordine
638 1412 864 1467 superiore
885 1412 1120 1466 scribatur,
1153 1411 1210 1453 ab
1232 1411 1444 1453 inferiore
1465 1425 1571 1454 vero
1593 1426 1695 1468 pars
1726 1417 1907 1454 tantum
1925 1412 2064 1469 prior,

361 1495 475 1535 quae
509 1482 844 1523 Grammaticae
862 1484 1111 1540 praeceptis
1131 1482 1236 1524 huic
1257 1482 1406 1524 ordini
1427 1482 1573 1523 solitis
1593 1483 1759 1539 exponi
1780 1483 2064 1539 respondeat,

360 1552 481 1594 sicut
522 1553 746 1609 posterior
778 1553 1012 1594 Thematis
1052 1569 1156 1610 pars
1194 1554 1391 1610 Syntaxi
1431 1554 1674 1610 superioris
1715 1554 1886 1596 ordinis
1930 1555 2066 1611 adap-

361 1624 500 1665 tanda
532 1630 611 1666 est.
659 1625 783 1666 Idem
816 1625 954 1667 etiam
975 1626 1122 1667 Autor
1151 1626 1333 1681 utrique
1365 1625 1514 1666 ordini
1546 1625 1838 1682 explicandus
1868 1625 2064 1681 videtur,

359 1695 437 1736 sed
467 1696 603 1737 semel
634 1695 766 1737 iuxta
797 1701 979 1753 captum
1012 1696 1238 1738 inferioris
1269 1696 1455 1751 ordinis,
1488 1696 1653 1738 iterum
1684 1696 1819 1753 paulo
1843 1697 2063 1739 eruditius

359 1767 406 1807 in
438 1767 636 1822 gratiam
669 1768 1020 1824 prouectiorum.
1081 1768 1252 1816 Quodsi
1282 1767 1331 1809 in
1363 1767 1578 1823 Collegiis
1611 1767 1801 1809 duorum
1824 1768 2063 1823 Magistro-

357 1852 457 1879 rum
489 1853 658 1893 magna
689 1839 881 1880 duorum
914 1839 1124 1881 ordinum
1147 1839 1471 1880 dissimilitudo
1505 1854 1555 1880 ac
1576 1839 1819 1880 diuersitas
1842 1838 1900 1880 ad
1920 1853 2062 1882 vnum

357 1911 578 1951 Autorem
610 1910 755 1965 redigi
786 1910 866 1952 vix
898 1910 1088 1966 poterit,
1121 1911 1210 1952 duo
1254 1911 1596 1967 praelegantur,
1635 1910 1712 1951 sed
1745 1925 1795 1951 ea
1826 1909 2060 1964 breuitate,

357 1986 410 2021 vt
442 1987 620 2037 tempus
650 1981 836 2037 reliquis
868 1982 1270 2023 exercitationibus
1301 1995 1394 2023 non
1425 1981 1740 2038 praeripiatur.

499 2053 562 2094 At
592 2068 699 2095 vero
732 2053 877 2094 sicubi
908 2053 1219 2094 Emmanuelis
1252 2052 1589 2107 Grammatica,
1628 2057 1764 2109 prout
1797 2052 1854 2094 ab
1887 2052 2060 2094 Autore

358 2124 536 2179 digesta
568 2125 670 2180 fuit,
705 2125 871 2181 exponi
902 2126 1016 2166 solet
1048 2140 1213 2179 magno
1246 2139 1348 2166 cum
1369 2138 1609 2180 puerorum
1630 2124 1796 2177 fructu,
1827 2128 1977 2179 posset
2009 2137 2062 2165 ea

356 2196 501 2238 diuidi
519 2197 602 2238 hoc
619 2197 710 2238 fere
727 2197 875 2250 modo,
906 2197 994 2238 nisi
1015 2197 1172 2240 vtilior
1189 2196 1305 2237 alius
1323 2195 1415 2236 iam
1447 2195 1495 2236 in
1526 2209 1611 2236 vsu
1637 2194 1707 2238 sit.
1756 2194 1811 2235 In
1829 2193 2060 2236 Secundae

359 2268 511 2309 classis
532 2269 689 2310 ordine
702 2268 914 2309 inferiore
925 2268 1211 2324 explicentur
1219 2267 1335 2310 XIV
1346 2271 1583 2323 praecepta
1593 2265 1739 2322 prima
1750 2265 2061 2306 Emmanuelis

358 2354 460 2380 cum
498 2340 791 2381 intransitiua
831 2341 1167 2381 constructione
1215 2339 1311 2379 sine
1359 2336 1698 2393 appendicibus
1761 2336 1815 2377 In
1862 2336 2060 2377 eiusdem

358 2410 512 2451 classis
543 2411 699 2452 ordine
731 2411 956 2467 superiore
978 2416 1077 2452 tota
1098 2410 1342 2452 transitiua
1365 2407 1586 2463 Syntaxis
1605 2407 1700 2448 sine
1723 2406 2058 2463 appendicibus.

357 2482 411 2522 In
443 2483 620 2524 Primae
653 2482 806 2524 classis
837 2483 993 2524 ordine
1031 2481 1244 2523 inferiore
1284 2485 1378 2521 tam
1408 2478 1699 2520 intransitiua
1731 2492 1868 2533 quam
1898 2478 2060 2519 transi-

359 2552 456 2594 tiua
495 2554 770 2595 constructio
817 2568 919 2594 cum
960 2552 1297 2609 appendicibus
1360 2551 1415 2592 In
1461 2549 1660 2591 eiusdem
1706 2548 1860 2590 classis
1903 2548 2059 2590 ordine

357 2623 583 2678 superiore
615 2630 818 2665 seruetur
858 2625 966 2666 ordo
1006 2623 1248 2680 superioris
1285 2621 1506 2663 formulae
1544 2620 1695 2662 recisis
1733 2619 2058 2676 appendicibus

356 2694 476 2749 tertij
511 2696 687 2749 generis
719 2696 975 2737 verborum.

857 2943 1080 3008 Classis
1127 2941 1558 3007 Humanitatis,

499 3051 660 3095 Modus
692 3051 998 3092 constituendi
1036 3051 1222 3092 classem
1254 3048 1566 3091 Humanitatis
1604 3047 1770 3104 duplex
1803 3061 1898 3088 esse
1927 3060 2055 3103 posse

358 3125 547 3168 videtur.
612 3123 739 3165 Vnus
776 3127 843 3164 est
882 3121 1115 3163 eiusmodi.
1178 3121 1426 3176 Postquam
1463 3120 1513 3161 in
1545 3118 1870 3173 Grammatica,
1911 3131 2053 3173 quan-
