2153 3467
28 1168 178 1193 fraudum
191 1174 290 1199 poena.

112 2382 211 2407 oram,
232 2387 296 2406 ante

130 2419 294 2442 lectionem.

33 2667 119 2691 Missa
134 2671 162 2691 et
179 2674 293 2691 sonmo.

140 2953 275 2976 Doctrina

116 2987 293 3012 christiana.

309 188 394 229 378

309 314 483 356 solutae
507 314 724 357 orationis
744 315 926 370 latinae,
954 316 1178 371 graecae*

310 385 521 428 carminis
542 386 689 441 latini,
722 386 871 442 graeci
894 400 946 430 20.
970 387 1158 429 meritus

309 460 354 498 et
392 460 656 499 consecutus
699 461 765 500 est
802 458 856 502 N.
867 459 886 479 “
936 484 988 489 -—-
1040 459 1157 500 Tum

309 527 472 569 victori
494 527 645 571 tradat
667 529 932 585 praemium,
964 544 1045 571 nec
1066 529 1157 571 fere

310 598 406 639 sine
439 599 589 655 aliquo
630 600 687 642 ad
726 615 819 642 rem
851 601 1048 642 maxime
1080 615 1155 657 ap-

308 670 455 726 posito
488 670 686 713 carmine
729 671 1003 726 brevissimo,
1038 671 1160 727 quod

309 741 479 794 statim,
510 741 549 784 si
571 742 803 784 commode
827 742 924 784 fieri
945 742 1101 798 possit,
1134 758 1160 784 a

514 195 624 231 Ratio
650 196 851 231 studiorum
879 201 917 231 et
943 195 1197 232 institutiones
1223 195 1463 232 scholasticae
1490 196 1687 233 Societatis
1714 199 1804 234 Jesu
1828 199 1867 235 II

1197 330 1416 371 quemque
1455 315 1673 358 victorem
1714 318 1921 360 evocabit
1957 318 2042 362 hoc

1196 387 1288 428 fere
1327 386 1474 432 modo:
1519 388 1762 443 ‚,Primum,
1803 389 2047 432 secundum

1196 462 1280 499 etc.
1320 458 1573 514 praemium
1615 459 1789 501 solutae
1830 460 2048 503 orationis

1196 528 1380 584 latinae,
1400 543 1600 584 graecae,
1620 529 1832 572 carminis
1847 531 2046 575 latinizc.

1196 599 1383 642 meritus
1417 604 1461 641 et
1492 605 1763 643 consecutus
1784 606 1851 643 est
1871 603 1955 644 N.“
1995 630 2045 634 -

1197 671 1312 712 Τ11111
1344 671 1595 728 praemium
1634 672 1803 714 victori
1841 672 2048 716 tradatur

1199 741 1317 783 inter
1325 742 1514 798 plausus
1529 746 1573 784 et
1586 747 1828 785 concentus
1842 744 2049 787 musicos.

1199 813 1272 855 Ad
1303 818 1554 856 extremum
1589 818 1671 856 etc.
1709 825 1753 856 ut
1778 821 1815 855 in
1839 821 1956 856 altera
1982 823 2050 859 col.

310 812 574 855 cantoribus
605 817 850 871 repetatur.
915 814 989 855 Ad
1021 817 1162 855 extre-

310 898 433 925 mum
466 884 605 927 addat
636 885 754 926 idem
794 899 974 941 praeco,
1015 884 1053 926 si
1084 884 1162 941 qui

310 954 513 1011 proxime
545 956 836 1008 accesserint,
883 955 1047 1011 quibus
1081 956 1161 998 ali-

311 1025 420 1081 quid
472 1026 609 1069 etiam
661 1026 852 1083 praemii
904 1027 1002 1069 loco
1065 1027 1164 1069 dari

310 1095 480 1139 licebit.

454 1167 527 1214 13.
591 1170 760 1212 Contra
791 1169 872 1211 has
902 1169 1025 1224 leges
1056 1169 1095 1211 si
1124 1169 1224 1225 quis
1254 1169 1507 1226 peccaverit
1545 1176 1625 1213 aut
1663 1171 1867 1213 fraudem
1908 1172 2048 1213 ullam

311 1239 598 1294 commiserit,
633 1240 728 1297 ejus
760 1239 1018 1300 scriptionis
1048 1240 1176 1283 nulla
1206 1240 1324 1283 ratio
1357 1240 1588 1284 habeatur,

850 1601 1108 1680 Regulae
1154 1618 1503 1665 communes

574 1695 1021 1760 Professoribus
1066 1696 1357 1761 classium
1400 1695 1779 1760 inferiorum.

458 1813 495 1859 l.
558 1814 899 1869 Adolescentes,
932 1815 1010 1871 qui
1047 1816 1096 1858 in
1127 1816 1368 1858 Societatis
1408 1814 1694 1872 disciplinam
1734 1814 1893 1856 traditi
1929 1821 2048 1870 sunt,

312 1885 376 1927 sic
408 1886 627 1942 Magister
657 1885 891 1941 instituat,
923 1891 975 1929 ut
1005 1901 1098 1929 una
1129 1901 1232 1929 cum
1262 1887 1406 1929 literis
1437 1901 1582 1928 mores
1614 1885 1750 1928 etiam
1778 1885 2048 1928 Christianis

312 1955 473 2010 <lignos
512 1955 561 1998 in
602 1956 759 2013 primis
796 1957 1023 2000 hauriant.
1087 1959 1257 2013 (Const.
1299 1974 1342 2015 p.
1375 1961 1415 2002 4.
1459 1973 1495 2000 0.
1530 1961 1570 2001 7.
1609 1972 1654 1999 n.
1677 1961 1736 2012 2.)
1771 1983 1824 1988 ——
1857 1958 2049 2000 Feratur

313 2032 463 2069 autem
495 2027 590 2083 ejus
620 2029 859 2084 peculiaris
891 2029 1085 2071 intentio
1124 2034 1219 2072 tam
1255 2029 1303 2071 in
1342 2029 1628 2083 lectionibus,
1663 2043 1765 2071 cum
1798 2044 1843 2071 se
1875 2030 2048 2071 occasio

312 2098 544 2153 obtulerit,
578 2114 714 2154 quam
746 2104 874 2142 extra
905 2116 991 2155 eas,
1026 2101 1083 2143 ad
1119 2106 1295 2143 teneras
1329 2100 1681 2143 adolescentium
1719 2104 1892 2142 mentes
1926 2100 2049 2142 obse-

314 2169 419 2226 quio
453 2174 497 2212 et
530 2170 674 2212 amori
704 2171 789 2213 Dei
822 2186 873 2214 ac
905 2172 1142 2227 virtutum,
1176 2172 1339 2228 quibus
1371 2171 1411 2213 ei
1442 2171 1617 2229 placere
1640 2174 1830 2227 oportet,
1863 2185 2047 2228 praepa—

312 2241 495 2295 randas,
530 2241 607 2284 sed.
639 2243 876 2300 praecipue
914 2258 986 2298 ea,
1027 2258 1140 2299 quae
1178 2247 1429 2300 sequuntur
1462 2242 1688 2285 observet:
1727 2241 1899 2296 (Const.
1930 2257 1975 2298 p.
2006 2244 2047 2285 4.

314 2328 349 2354 c.
389 2316 454 2357 16.
487 2328 531 2355 11.
565 2315 626 2370 4.)

457 2383 501 2430 2.
566 2385 831 2427 Orationem
862 2385 1046 2428 brevem
1078 2391 1183 2427 ante
1213 2385 1392 2428 scholae
1423 2383 1606 2426 initium
1645 2383 1766 2426 dicat
1797 2382 1960 2439 aliquis
1992 2383 2048 2425 ad

314 2454 360 2496 id
393 2454 666 2510 institutam,
701 2471 838 2512 quam
877 2457 1146 2513 Praeceptor
1186 2460 1231 2498 et
1271 2455 1483 2512 discipuli
1523 2469 1675 2497 omnes
1713 2458 1866 2510 aperto
1900 2453 2047 2510 capite

315 2530 359 2567 ct
376 2525 503 2567 flexis
518 2527 710 2583 genibus
728 2533 900 2570 attente
918 2528 1121 2581 audient,
1141 2532 1246 2569 ante
1262 2526 1468 2569 lectionis
1484 2541 1592 2568 vero
1607 2525 1791 2567 initium
1807 2525 1903 2582 ipse
1917 2526 2049 2567 Prae—

316 2601 470 2653 ceptor
491 2597 621 2652 signo
655 2599 797 2640 crucis
829 2614 873 2640 se
906 2600 1084 2641 muniat
1115 2603 1270 2655 aperto
1302 2597 1447 2653 capite
1479 2602 1523 2639 et
1553 2596 1756 2653 incipiat.
1804 2597 1874 2652 (L.
1908 2612 1944 2638 0.
1979 2596 2048 2651 G.)

457 2667 501 2711 13.
564 2669 727 2711 Missae
750 2675 794 2711 et
821 2669 1027 2712 concioni
1045 2674 1171 2711 curet·
1191 2674 1243 2711 ut
1263 2669 1474 2710 intersint
1497 2683 1664 2722 omnes,
1687 2668 1847 2709 Missae
1866 2666 2048 2723 quidem

316 2738 530 2794 quotidie,
564 2740 770 2782 concioni
803 2755 910 2782 vero
935 2740 1091 2783 diebus
1123 2739 1263 2793 festis,
1296 2739 1510 2794 adquam
1532 2742 1760 2795 praeterea
1790 2738 1859 2779 bis
1890 2737 2048 2779 saltem

314 2809 507 2865 singulis
538 2810 832 2852 hebdomadis
865 2826 938 2853 eos
980 2811 1027 2852 in
1059 2809 1414 2865 Quadragesima
1454 2810 1636 2863 mittat,
1678 2814 1757 2852 aut
1793 2809 1931 2852 etiam
1967 2823 2048 2865 pro

314 2881 512 2936 regionis
544 2882 866 2924 consuetudine
899 2881 1050 2924 ducat.

455 2952 498 2999 4.
564 2951 785 2994 Doctrina
817 2951 1078 2995 Christiana
1115 2951 1161 2992 in

315 3022 532 3065 classibus
549 3022 811 3079 pracsertim
828 3021 1161 3077 grammaticae,

316 3094 535 3136 voletiam
560 3093 607 3136 in
631 3092 743 3147 aliis,
767 3092 800 3135 si
827 3108 936 3149 opus
959 3093 1030 3147 sit,
1049 3052 1184 3149 feria!

1342 2951 1386 2998 4.
1449 2951 1670 2994 Doctrina
1704 2949 1962 2993 Christiana
2000 2949 2048 2991 in

1201 3021 1410 3064 omnibus
1457 3022 1673 3064 classibus
1719 3020 1960 3072 ediscatur3
2004 3023 2049 3061 et

1200 3092 1248 3134 in
1280 3092 1424 3134 tribus
1457 3092 1638 3149 quidem
1669 3089 1976 3148 grammaticis
2003 3094 2047 3133 et
