2089 3381
221 121 263 156 R.
291 124 336 156 st.
366 121 466 155 1586.
518 120 762 162 Quaestiones
789 123 853 154 aut
879 119 1105 154 omittendae
1132 123 1200 154 aut
1224 131 1296 154 uno
1327 121 1404 154 loco
1433 122 1661 156 tractandae.
1739 111 1793 152 87

230 240 396 283 Vtrum
450 238 707 294 Theologus
754 238 895 295 possit
945 237 1179 279 euidenter
1230 242 1274 279 et
1325 253 1426 279 suas
1480 240 1787 281 conclusiones
1813 258 1896 282 A.8.

88 310 292 368 probare,
327 314 370 351 et
402 310 574 352 diluere
605 309 965 351 aduersariorum
998 313 1282 363 argumenta,
1322 323 1413 350 non
1446 309 1518 351 hic
1552 315 1788 364 tractetur,

88 381 165 424 sed
195 381 244 423 in
278 384 315 425 2.
352 385 390 425 2.

228 452 301 495 An
338 452 536 494 decuerit
570 452 850 508 Scripturani
891 451 1122 493 abundare
1156 451 1433 507 metaphoris
1474 456 1517 491 et
1550 452 1787 506 parabolis,
1810 473 1842 495 Α.
1867 472 1895 496 υ.

87 528 132 566 et
175 539 232 565 an
266 524 428 566 Sacrae
466 524 622 565 literae
654 526 848 579 apertae,
891 526 935 563 et
967 523 1112 564 clarae
1147 523 1251 575 sint,
1287 522 1605 577 relinquantur
1637 523 1787 564 lectori

89 595 347 651 Scripturas-3
380 599 424 636 et
457 593 894 647 Controuersiarum,
928 594 1043 635 sicut
1075 594 1212 636 etiam
1244 598 1466 635 tractatus
1500 594 1553 635 de
1586 595 1789 636 sensibus

87 666 360 723 Scripturae.

225 749 328 791 Non
361 748 620 804 explicetur,
654 747 731 789 sed
764 763 816 789 ex
850 747 1023 802 Logica
1055 752 1348 804 supponatur,
1390 747 1500 802 quid
1540 752 1585 789 et
1623 753 1786 803 quotu·
1809 766 1842 798 Q.
1866 770 1890 791 2.

84 820 189 876 plex
242 819 300 861 sit
352 818 600 876 propositio
655 834 735 875 per
782 833 826 860 se
874 824 983 860 nota
1031 824 1074 859 et
1119 819 1403 860 immediata:
1454 834 1536 860 nec
1588 819 1786 861 rationes

85 890 129 932 S.
154 890 365 942 Thomae,
399 890 562 946 quibus
586 890 865 932 demonstrat
886 890 1033 931 Deum
1055 905 1158 944 esse,
1194 889 1500 944 confutentur,
1534 890 1609 932 sed
1633 890 1784 946 potius

83 961 441 1003 corroborentur.

224 1044 299 1086 An
333 1044 515 1100 aliquod
543 1059 703 1101 corpus
732 1049 911 1086 moueat
944 1046 1198 1098 immotum,
1232 1049 1276 1085 et
1300 1059 1357 1086 an
1379 1044 1537 1086 viuens
1560 1044 1782 1086 nobilius1
1804 1062 1874 1093 qa
1897 1063 1930 1085 A.
1947 1065 1970 1087 1.

83 1115 142 1157 sit
178 1130 270 1157 non
310 1115 506 1170 Viuente,
555 1121 599 1158 et
635 1131 693 1158 an
732 1116 1001 1158 Aristoteles
1038 1121 1155 1157 recte
1195 1115 1457 1172 probauerit
1500 1116 1645 1158 Deum
1691 1131 1782 1157 esse

81 1186 407 1243 incorporeum,
439 1187 724 1243 relinquatur
755 1187 1054 1243 Philosophis.

221 1258 350 1300 Nihil
380 1258 455 1300 hic
487 1259 541 1301 de
571 1259 794 1315 principio
827 1258 1221 1302 indiuiduationiS.
1803 1278 1837 1301 A.
1860 1276 1886 1303 2.

221 1342 326 1384 Non
358 1345 578 1385 tractetur
609 1342 662 1384 de
694 1342 986 1385 distinctione
1018 1342 1241 1399 suppositi
1273 1346 1317 1383 et
1347 1346 1551 1395 naturae,
1585 1343 1783 1399 pertinet
1805 1362 1838 1385 A.
1861 1361 1886 1385 3.

81 1413 201 1455 enim
233 1413 290 1455 ad
323 1416 363 1458 3.
396 1414 593 1455 Partem.
630 1440 680 1445 —
717 1414 953 1463 Quomodo
986 1413 1330 1469 distinguantur
1361 1413 1410 1454 in
1441 1413 1657 1455 creaturis
1690 1428 1781 1455 esse

78 1487 122 1526 et
152 1484 357 1539 essentia,
390 1485 674 1541 relinquatur
705 1484 1031 1541 Metaphysico.

220 1567 276 1609 In
308 1567 595 1622 Quaestione,
636 1583 695 1610 an
726 1569 847 1610 Deus
879 1568 937 1610 sit
969 1568 1018 1609 in
1049 1568 1427 1625 praedicamento,
1464 1568 1781 1610 rescindantur
1803 1588 1836 1611 A.
1857 1587 1885 1610 4.

78 1655 193 1696 quae
237 1645 343 1682 sunt
382 1641 565 1698 propria
606 1640 892 1695 Logicorum.
957 1640 1169 1690 Quaestio
1212 1639 1215 1697 Ι
1256 1654 1377 1694 vero,
1426 1655 1484 1681 an
1522 1640 1690 1694 Angeli
1737 1644 1780 1681 et
1802 1659 1903 1690 p.105.

78 1711 205 1754 Coeli
236 1711 327 1753 sint
357 1711 407 1753 in
437 1712 813 1768 praedicamento,
846 1715 947 1752 tota
978 1711 1151 1766 Logico
1183 1711 1482 1766 relinquatur.

222 1795 297 1837 An
328 1795 610 1853 simplicitati
642 1795 824 1836 diuinae
855 1800 1078 1851 repugnet
1108 1809 1399 1850 personarum
1434 1798 1477 1836 et
1508 1794 1780 1837 relationum
1802 1814 1836 1837 A.
1858 1813 1884 1836 τ.

74 1866 326 1923 pluralitas,
359 1881 451 1908 non
482 1871 704 1908 tractetur
733 1866 820 1920 hic,
854 1866 931 1908 sed
963 1866 1084 1908 infra
1116 1866 1167 1915 Q.
1203 1869 1271 1910 28.
1305 1866 1361 1908 Α.
1397 1869 1434 1910 2.

216 1949 292 1991 An
331 1949 484 2005 aliqua
518 1949 748 2007 perfectio,
791 1965 904 2005 quae
942 1948 1194 1991 formaliter
1230 1950 1290 1991 sit
1327 1949 1376 1991 in
1414 1949 1522 2004 Deo,
1562 1950 1702 1991 libere
1734 1949 1775 1991 ei
1796 1969 1865 2000 (μ.
1888 1969 1962 1993 A.1.

76 2021 329 2075 conueniat,
370 2020 606 2063 differatur
642 2021 692 2062 in
732 2020 784 2070 Q.
821 2024 887 2065 19.
921 2023 974 2063 A.
1010 2024 1049 2065 2.
1112 2020 1188 2062 An
1228 2025 1377 2062 autem
1415 2020 1576 2062 relatio
1617 2021 1776 2063 diuina

74 2091 320 2134 secundum
363 2106 409 2134 se
455 2093 515 2134 sit
560 2092 713 2148 aliqua
759 2092 989 2149 perfectio,
1037 2092 1300 2133 remittatur
1341 2092 1397 2134 ad
1435 2093 1675 2134 materiam
1722 2092 1775 2133 de

73 2163 309 2206 Trinitate.

214 2235 624 2290 Praetermittatur,
665 2239 708 2277 et
746 2250 800 2277 ex
840 2234 1137 2292 Metaphisica
1179 2235 1273 2293 [sic]
1315 2239 1609 2292 supponatur,
1651 2234 1771 2284 Quid
1793 2267 1827 2298 Q,
1851 2267 1877 2291 5·

73 2304 133 2347 sit
170 2305 351 2348 bonum.

215 2377 336 2427 Quid
353 2377 621 2420 Aristoteles
647 2379 835 2420 senserit
855 2377 908 2419 de
930 2378 1016 2419 Dei
1034 2377 1276 2432 infinitate,
1308 2378 1595 2434 relinquatur
1616 2378 1769 2420 Philo·
1791 2398 1826 2430 «ρ,
1840 2399 1865 2424 7,
1886 2401 1920 2424 Α,
1935 2401 1960 2426 1,

72 2447 227 2505 sopho.

215 2519 290 2561 An
312 2520 454 2562 creari
473 2520 616 2577 possit
639 2520 812 2576 aliquid
831 2521 1064 2563 infinitum
1085 2521 1134 2562 in
1154 2521 1424 2577 quantitate,
1457 2521 1530 2563 vel
1550 2521 1599 2562 in
1622 2521 1768 2576 quali·
1790 2542 1939 2567 A.2.3.4.

72 2589 244 2632 tatibus
274 2591 572 2646 naturalibus,
606 2591 870 2648 Philosophi
902 2596 969 2633 est
1000 2592 1243 2648 disputare.
1306 2591 1382 2633 An
1405 2596 1555 2634 autem
1576 2593 1769 2634 creabile

72 2660 132 2702 sit
174 2660 347 2717 aliquid
391 2660 624 2704 infinitum
659 2663 709 2704 in
746 2678 908 2718 genere
947 2664 1240 2717 substantiae,
1279 2663 1535 2720 disputetur
1573 2663 1667 2706 hic:
1710 2679 1768 2705 an

74 2735 224 2773 autem
248 2732 296 2773 in
316 2732 614 2788 qualitatibus
636 2734 1067 2790 supernaturalibUS,
1101 2749 1126 2777 a
1147 2734 1376 2791 Theologo
1403 2735 1658 2789 disseratur,
1692 2735 1768 2776 sed

71 2801 121 2844 in
152 2806 191 2846 2.
225 2805 263 2847 2.
299 2802 351 2852 Q.
385 2806 454 2847 24.
486 2803 543 2846 A.
577 2808 616 2848 7.
649 2805 977 2848 tantummodo.

217 3029 228 3048 ²
259 3028 457 3064 mobilius?
