2084 3441
305 168 362 210 70
492 176 602 211 Ratio
629 176 833 211 studiorum
858 180 896 211 ct
919 176 1175 212 institutiones
1202 176 1443 211 scholasticae
1469 176 1664 212 Societatis
1689 177 1780 212 Jesu
1805 177 1844 212 II

305 302 429 337 trum
461 309 637 351 quoque
657 295 863 351 vestigijs
884 300 1148 337 veneranter
1178 295 1404 349 insistant,
1438 299 1482 336 et
1513 309 1644 350 quem
1675 295 1875 352 plerique
1901 310 1993 337 om-

303 381 383 407 nes
405 367 562 407 Patres
592 380 768 408 sensum
801 370 879 407 aut
910 366 1141 419 literalem,
1174 370 1252 406 aut
1272 365 1563 421 allegoricum
1585 381 1676 408 esse
1696 366 1992 420 tradiderunt,

305 451 407 478 eum
438 442 491 478 ut
531 437 671 478 talem
711 437 1082 493 complectantur,
1119 450 1335 477 memores
1376 436 1663 493 professionis
1700 436 1819 491 fidei,
1859 450 1993 492 quam

303 507 502 549 ineundo
541 507 852 563 magisterium
892 507 1113 548 iurarunt.
1176 507 1273 548 Imo
1311 521 1412 548 cum
1452 507 1506 549 de
1542 521 1632 550 vno
1671 507 1821 563 aliquo
1861 521 1993 549 sensu

306 579 425 620 inter
456 579 613 620 Patres
644 592 736 620 non
769 577 994 631 conuenit,
1032 577 1069 619 si
1106 591 1241 633 quam
1285 578 1475 619 Patrum
1512 578 1929 634 interpretationem
1968 592 1994 619 a

305 649 462 691 multis
494 649 585 690 iam
617 648 777 690 seculis
808 648 1011 690 Ecclesia
1041 647 1222 690 videtur
1254 649 1499 705 complexa,
1539 649 1595 690 ab
1633 648 1713 690 illa
1751 662 1843 690 non
1881 663 1995 690 rece-

307 720 444 774 dant;
479 724 609 762 tanto
640 719 799 775 magis,
832 719 869 760 si
903 718 1017 759 aliae
1048 719 1237 760 Patrum
1269 719 1567 776 expositiones
1589 719 1790 762 diuersae
1812 719 1995 775 quidem

306 791 412 845 sint,
444 804 536 833 non
569 791 835 844 contrariae,
870 789 908 830 si
938 788 1059 844 quod
1090 793 1241 831 autem
1279 794 1346 831 est
1383 790 1487 832 fidei
1527 791 1703 846 dogma,
1746 789 1866 846 quod
1904 789 1996 832 fere

308 876 445 917 quam
477 860 662 917 plurimi
694 861 849 901 Patres
883 865 962 902 aut
992 860 1212 916 Theologi
1245 876 1299 902 ex
1321 861 1567 918 Scripturis
1596 861 1784 918 probare
1814 864 1997 903 conten-

306 933 434 987 dunt,
472 946 564 973 non
605 931 758 972 dicant
794 931 965 987 Nostri,
1003 931 1051 972 id
1091 946 1146 973 ex
1186 931 1430 988 Scripturis
1466 932 1648 988 probari
1679 946 1772 974 non
1801 946 1954 988 posse3
1988 930 1993 989 Ι

261 1042 286 1049 ,.
309 1003 474 1061 potius,
522 1002 559 1044 si
600 1003 678 1057 qui
720 1002 909 1058 probare
945 1016 1037 1044 non
1074 1007 1279 1058 possunt,
1317 1002 1365 1044 id
1396 1003 1670 1059 relinquant.
1734 1002 1872 1045 Sexto
1903 1016 1996 1044 non

305 1078 548 1131 sequantur
591 1072 793 1115 Rabinos
835 1072 948 1131 [sic],
969 1079 1047 1117 -Vt
1092 1073 1240 1128 duces,
1289 1078 1387 1116 tum
1434 1073 1542 1129 quia
1586 1074 1834 1131 plerunque
1879 1072 1997 1115 nihil

304 1160 439 1202 supra
475 1160 652 1186 carnem
699 1148 743 1186 et
779 1144 1050 1200 sanguinem
1089 1144 1284 1201 sapiunt,
1333 1149 1430 1187 tum
1471 1144 1577 1201 quia
1622 1159 1781 1188 verum
1818 1158 1996 1186 sensum

305 1217 638 1273 Scripturarum
669 1216 761 1258 iam
805 1215 997 1257 tradidit
1042 1215 1248 1258 Christus
1285 1215 1514 1273 Apostolis
1552 1230 1793 1272 eorumque
1830 1229 1997 1257 succes-

306 1287 501 1341 soribus,
558 1291 657 1329 tum
707 1287 813 1343 quia
872 1301 1033 1344 parum
1092 1286 1323 1329 fidendum
1382 1291 1448 1329 est
1503 1291 1682 1329 nostrae
1741 1285 1996 1342 Religionis

305 1358 584 1414 aduersarijs.
648 1358 795 1408 Quare
828 1358 1019 1401 cauendi
1050 1358 1201 1415 potius
1239 1362 1359 1412 sunt,
1397 1372 1479 1399 nec
1518 1358 1609 1400 illis
1650 1357 1870 1400 autoritas
1901 1356 1996 1399 vlla

304 1429 589 1472 concilianda
620 1434 699 1484 est,
730 1445 785 1471 ne
817 1430 875 1472 ad
906 1445 980 1472 eos
1013 1428 1238 1472 auditores
1270 1429 1538 1471 afficiantur.
1600 1428 1728 1471 Idem
1757 1427 1849 1470 fere
1880 1426 1996 1470 iudi-

303 1500 421 1542 cium
461 1500 514 1542 de
558 1500 828 1556 quibusdam
864 1500 1187 1543 recentioribus
1226 1500 1494 1542 Christianis
1531 1499 1866 1557 interpretibus,
1905 1499 1995 1555 qui,

301 1571 404 1628 plus
445 1572 588 1613 nimio
628 1571 807 1628 sequuti
846 1572 1065 1626 Rabinos,
1112 1571 1166 1613 de
1208 1572 1399 1627 uulgata
1440 1571 1637 1613 editione
1673 1570 1842 1613 Latina
1880 1570 1997 1613 male

301 1647 540 1685 merentur.
604 1643 653 1686 Si
686 1643 795 1698 quid
825 1647 978 1685 tamen
1009 1643 1086 1685 isti
1108 1643 1181 1686 vel
1212 1642 1384 1685 Rabini
1415 1642 1617 1697 afferant,
1650 1642 1771 1698 quod
1800 1641 1997 1686 116111111-

299 1718 432 1770 gatae
465 1714 668 1769 editioni,
700 1714 775 1756 vel
806 1714 1033 1771 mysterijs
1063 1713 1169 1756 fidei
1206 1714 1374 1768 faueat,
1412 1713 1861 1770 praetermittendum
1904 1727 1998 1755 non

301 1784 504 1828 Videtur:
539 1790 713 1828 caetera
734 1799 841 1828 vero
871 1785 1029 1840 rarius,
1063 1784 1200 1827 etiam
1232 1785 1270 1827 si
1300 1784 1477 1828 Nostris
1509 1784 1735 1827 contraria
1765 1799 1859 1827 non
1891 1784 1998 1839 sint,

303 1856 378 1898 sed
411 1861 591 1898 tantum
624 1857 814 1900 diuersa.

445 1930 484 1972 3.
517 1928 748 1985 Interpres
780 1928 1037 1985 Scripturae
1068 1929 1117 1971 in
1149 1928 1490 1985 quaestionibus
1522 1927 1698 1985 parcior
1731 1928 1803 1982 sit,
1842 1928 2000 1984 suique

303 1998 505 2040 instituti
537 2014 629 2041 esse
658 2003 803 2056 putet,
837 2000 982 2042 solum
1016 2001 1089 2043 vel
1120 2000 1356 2057 praecipue
1387 2014 1542 2042 veram
1572 1999 1700 2042 verbi
1723 1998 1810 2040 Dei
1830 1997 2000 2040 intelli-

303 2069 504 2125 gentiam
536 2070 724 2113 tradere.
789 2070 936 2120 Quare
968 2071 1006 2112 si
1037 2071 1087 2113 in
1118 2071 1313 2127 aliquem
1342 2071 1601 2127 Scripturae
1631 2070 1782 2113 locum
1812 2068 1999 2124 incidat,

305 2154 392 2196 quo
425 2141 645 2198 Theologi
676 2142 933 2184 scholastici
971 2142 1021 2184 in
1061 2143 1212 2199 aliqua
1251 2142 1558 2198 disputatione
1596 2141 1893 2183 communiter
1931 2140 2000 2183 vti

305 2211 462 2266 solent,
494 2212 543 2254 in
574 2228 671 2254 eam
702 2213 984 2269 questionem
1014 2228 1107 2256 non
1137 2213 1439 2269 digrediatur:
1472 2213 1643 2255 indicet
1662 2212 1820 2267 solum,
1860 2226 2000 2268 quan-

305 2287 403 2324 tum
433 2283 472 2324 is
503 2284 627 2325 locus
658 2284 868 2340 ponderis
900 2284 1067 2327 habeat
1099 2285 1155 2327 ad
1195 2299 1294 2326 eam
1336 2284 1644 2340 quaestionem
1684 2283 1999 2326 definiendam.

305 2352 427 2402 Quin
459 2354 596 2396 etiam
628 2354 665 2396 si
698 2355 798 2411 quis
829 2356 955 2398 locus
986 2356 1117 2398 nobis
1156 2371 1258 2398 cum
1296 2356 1530 2398 haereticis
1575 2360 1887 2398 controuersus
1927 2355 1999 2408 sit,

306 2427 656 2468 controuersiam
700 2442 754 2469 ex
792 2442 842 2469 eo
875 2428 975 2470 loco
1013 2432 1269 2470 nascentem
1307 2441 1399 2469 non
1438 2427 1643 2484 explicet,
1684 2426 1761 2469 sed
1800 2425 2001 2482 grauiter

305 2500 350 2537 et
396 2501 574 2539 strenue
628 2502 815 2541 conetur
859 2498 1113 2554 ostendere,
1160 2499 1229 2540 illi
1273 2499 1370 2541 loco
1414 2513 1507 2540 non
1548 2498 1685 2540 aliam
1725 2498 1998 2540 sententiam

305 2581 560 2623 congruere,
603 2584 738 2624 quam
780 2570 1128 2612 Gatholicorum.
1190 2570 1317 2627 Ipsas
1355 2569 1493 2611 etiam
1531 2569 1815 2625 quaestiones
1853 2567 2002 2625 Scrip-

305 2638 419 2680 turis
449 2639 654 2696 proprias
694 2644 860 2682 tractet
898 2640 1109 2696 breuiter,
1150 2645 1196 2682 et
1227 2655 1319 2682 non
1351 2654 1472 2682 more
1503 2640 1786 2694 scholastico,
1832 2654 1916 2682 nec
1948 2638 1999 2681 in

279 2709 434 2753 .varia
466 2711 1091 2768 temporumlsupputatione,
1129 2716 1208 2754 aut
1249 2712 1296 2753 in
1329 2711 1661 2768 perscrutandis
1693 2711 1853 2753 Terrae
1899 2725 1999 2752 san-

305 2785 403 2823 ctae
434 2781 556 2835 locis,
591 2788 669 2824 aut
690 2782 738 2824 in
759 2782 1017 2825 huiusmodi
1048 2797 1206 2839 parum
1236 2782 1427 2824 utilibus
1459 2782 1655 2825 multum
1685 2781 1900 2839 temporis
1921 2796 2000 2838 po-

304 2857 401 2906 nat3
435 2856 625 2907 autores,
659 2853 736 2908 qui
769 2853 823 2895 (16
855 2853 909 2909 ijs
941 2854 1071 2910 plene
1103 2853 1338 2907 disserant,
1370 2853 1480 2895 satis
1512 2853 1595 2895 erit
1625 2853 1836 2895 indicare.

447 2927 488 2968 4.
521 2924 726 2978 Moralia,
765 2925 802 2966 si
839 2929 949 2966 nota
989 2928 1096 2967 sunt
1127 2939 1178 2966 ac
1209 2924 1330 2978 trita,
1369 2924 1507 2967 verbo
1540 2939 1629 2967 Vno
1670 2924 1997 2981 significentur,

307 2995 536 3037 annotatis
582 2996 769 3037 Patrum
818 2995 943 3049 locis,
988 2995 1037 3036 in
1084 2995 1249 3050 quibus
1287 2994 1397 3037 haec
1434 2996 1708 3038 luculentius
1751 2995 1996 3048 habentur3

306 3065 376 3108 sin
423 3065 532 3108 adeo
571 3066 840 3123 peruulgata
877 3079 968 3107 non
1006 3069 1125 3121 sunt,
1177 3069 1221 3107 et
1266 3066 1450 3123 sapiunt
1486 3066 1771 3123 ingeniosum
1810 3080 1861 3108 ac
1899 3079 1998 3124 per-
