<?xml version="1.0" encoding="UTF-8"?>
<!DOCTYPE html PUBLIC "-//W3C//DTD XHTML 1.0 Transitional//EN"
    "http://www.w3.org/TR/xhtml1/DTD/xhtml1-transitional.dtd">
<html xmlns="http://www.w3.org/1999/xhtml" xml:lang="en" lang="en">
 <head>
  <title>
</title>
<meta http-equiv="Content-Type" content="text/html;charset=utf-8" />
  <meta name='ocr-system' content='tesseract 3.04.00' />
  <meta name='ocr-capabilities' content='ocr_page ocr_carea ocr_par ocr_line ocrx_word'/>
</head>
<body>
  <div class='ocr_page' id='page_1' title='image "./ratiostudiorumet05jesu_0192.png"; bbox 0 0 2143 3462; ppageno 0'>
   <div class='ocr_carea' id='block_1_1' title="bbox 249 636 349 668">
    <p class='ocr_par' dir='ltr' id='par_1_1' title="bbox 249 636 349 668">
     <span class='ocr_line' id='line_1_1' title="bbox 249 636 349 668; baseline 0.01 -8"><span class='ocrx_word' id='word_1_1' title='bbox 249 646 276 668; x_wconf 82' lang='lat' dir='ltr'>p.</span> <span class='ocrx_word' id='word_1_2' title='bbox 290 636 349 661; x_wconf 72' lang='lat'><strong>259.</strong></span> 
     </span>
    </p>
   </div>
   <div class='ocr_carea' id='block_1_2' title="bbox 256 2485 356 2517">
    <p class='ocr_par' dir='ltr' id='par_1_2' title="bbox 256 2485 356 2517">
     <span class='ocr_line' id='line_1_2' title="bbox 256 2485 356 2517; baseline 0.01 -12"><span class='ocrx_word' id='word_1_3' title='bbox 256 2496 282 2517; x_wconf 60' lang='grc' dir='ltr'>μ,</span> <span class='ocrx_word' id='word_1_4' title='bbox 295 2485 356 2510; x_wconf 65' lang='lat'><strong>2130.</strong></span> 
     </span>
    </p>
   </div>
   <div class='ocr_carea' id='block_1_3' title="bbox 373 198 1914 248">
    <p class='ocr_par' dir='ltr' id='par_1_3' title="bbox 373 198 1914 248">
     <span class='ocr_line' id='line_1_3' title="bbox 373 198 1914 248; baseline 0.001 -4"><span class='ocrx_word' id='word_1_5' title='bbox 373 198 457 245; x_wconf 80' lang='grc'>176</span> <span class='ocrx_word' id='word_1_6' title='bbox 555 208 666 247; x_wconf 80' lang='lat' dir='ltr'>Ratio</span> <span class='ocrx_word' id='word_1_7' title='bbox 693 207 897 247; x_wconf 84' lang='lat' dir='ltr'>studiorum</span> <span class='ocrx_word' id='word_1_8' title='bbox 925 215 963 247; x_wconf 87' lang='lat' dir='ltr'>et</span> <span class='ocrx_word' id='word_1_9' title='bbox 987 206 1246 248; x_wconf 81' lang='lat' dir='ltr'>institutiones</span> <span class='ocrx_word' id='word_1_10' title='bbox 1269 206 1510 248; x_wconf 75' lang='lat' dir='ltr'>scholasticae</span> <span class='ocrx_word' id='word_1_11' title='bbox 1538 208 1733 246; x_wconf 86' lang='lat' dir='ltr'>Societatis</span> <span class='ocrx_word' id='word_1_12' title='bbox 1759 209 1849 246; x_wconf 86' lang='lat' dir='ltr'>Jesu</span> <span class='ocrx_word' id='word_1_13' title='bbox 1874 206 1914 245; x_wconf 84' lang='grc' dir='ltr'>ΙΙ</span> 
     </span>
    </p>
   </div>
   <div class='ocr_carea' id='block_1_4' title="bbox 366 283 2044 293">
    <p class='ocr_par' dir='ltr' id='par_1_4' title="bbox 366 283 2044 293">
     <span class='ocr_line' id='line_1_4' title="bbox 366 283 2044 293; baseline 0 0"><span class='ocrx_word' id='word_1_14' title='bbox 366 283 2044 293; x_wconf 95' lang='lat' dir='ltr'> </span> 
     </span>
    </p>
   </div>
   <div class='ocr_carea' id='block_1_5' title="bbox 368 330 2076 2238">
    <p class='ocr_par' dir='ltr' id='par_1_5' title="bbox 368 330 2068 602">
     <span class='ocr_line' id='line_1_5' title="bbox 368 330 2067 391; baseline -0.003 -15"><span class='ocrx_word' id='word_1_15' title='bbox 368 339 455 388; x_wconf 89' lang='lat' dir='ltr'>tur,</span> <span class='ocrx_word' id='word_1_16' title='bbox 489 334 527 375; x_wconf 89' lang='lat' dir='ltr'>si</span> <span class='ocrx_word' id='word_1_17' title='bbox 556 348 650 376; x_wconf 90' lang='lat' dir='ltr'>non</span> <span class='ocrx_word' id='word_1_18' title='bbox 680 333 994 391; x_wconf 88' lang='lat' dir='ltr'>plurimorum,</span> <span class='ocrx_word' id='word_1_19' title='bbox 1028 337 1074 374; x_wconf 85' lang='lat' dir='ltr'>at</span> <span class='ocrx_word' id='word_1_20' title='bbox 1105 332 1255 374; x_wconf 78' lang='lat' dir='ltr'>decem</span> <span class='ocrx_word' id='word_1_21' title='bbox 1287 331 1360 373; x_wconf 86' lang='lat' dir='ltr'>Vel</span> <span class='ocrx_word' id='word_1_22' title='bbox 1383 330 1618 373; x_wconf 78' lang='lat' dir='ltr'>duodecim</span> <span class='ocrx_word' id='word_1_23' title='bbox 1640 345 1873 372; x_wconf 87' lang='lat' dir='ltr'>aureorum</span> <span class='ocrx_word' id='word_1_24' title='bbox 1894 330 2067 387; x_wconf 89' lang='lat' dir='ltr'>impen-</span> 
     </span>
     <span class='ocr_line' id='line_1_6' title="bbox 369 401 2068 460; baseline -0.004 -13"><span class='ocrx_word' id='word_1_25' title='bbox 369 405 457 459; x_wconf 89' lang='lat' dir='ltr'>diO,</span> <span class='ocrx_word' id='word_1_26' title='bbox 499 405 556 447; x_wconf 91' lang='lat' dir='ltr'>ad</span> <span class='ocrx_word' id='word_1_27' title='bbox 596 419 706 460; x_wconf 87' lang='lat' dir='ltr'>quos</span> <span class='ocrx_word' id='word_1_28' title='bbox 737 405 987 446; x_wconf 87' lang='lat' dir='ltr'>liberaliter</span> <span class='ocrx_word' id='word_1_29' title='bbox 1018 403 1282 445; x_wconf 87' lang='lat' dir='ltr'>tribuendos</span> <span class='ocrx_word' id='word_1_30' title='bbox 1312 401 1556 459; x_wconf 81' lang='lat' dir='ltr'>prudenter</span> <span class='ocrx_word' id='word_1_31' title='bbox 1587 416 1639 442; x_wconf 88' lang='lat' dir='ltr'>ac</span> <span class='ocrx_word' id='word_1_32' title='bbox 1671 401 1887 443; x_wconf 86' lang='lat' dir='ltr'>beneuole</span> <span class='ocrx_word' id='word_1_33' title='bbox 1921 404 2068 442; x_wconf 86' lang='lat' dir='ltr'>essent</span> 
     </span>
     <span class='ocr_line' id='line_1_7' title="bbox 369 473 2067 531; baseline -0.003 -13"><span class='ocrx_word' id='word_1_34' title='bbox 369 475 614 518; x_wconf 88' lang='lat' dir='ltr'>inducendi</span> <span class='ocrx_word' id='word_1_35' title='bbox 653 475 948 531; x_wconf 72' lang='lat' dir='ltr'>Magistratus</span> <span class='ocrx_word' id='word_1_36' title='bbox 991 475 1065 517; x_wconf 84' lang='lat' dir='ltr'>vel</span> <span class='ocrx_word' id='word_1_37' title='bbox 1112 473 1314 516; x_wconf 84' lang='lat' dir='ltr'>Praelati</span> <span class='ocrx_word' id='word_1_38' title='bbox 1361 473 1434 516; x_wconf 87' lang='lat' dir='ltr'>vel</span> <span class='ocrx_word' id='word_1_39' title='bbox 1483 473 1667 515; x_wconf 89' lang='lat' dir='ltr'>ditiores</span> <span class='ocrx_word' id='word_1_40' title='bbox 1713 477 1758 514; x_wconf 89' lang='lat' dir='ltr'>et</span> <span class='ocrx_word' id='word_1_41' title='bbox 1803 473 2067 514; x_wconf 75' lang='lat' dir='ltr'>illustriores</span> 
     </span>
     <span class='ocr_line' id='line_1_8' title="bbox 371 546 528 602; baseline 0 -14"><span class='ocrx_word' id='word_1_42' title='bbox 371 546 528 602; x_wconf 84' lang='lat' dir='ltr'>aliqui.</span> 
     </span>
    </p>

    <p class='ocr_par' dir='ltr' id='par_1_6' title="bbox 369 614 2076 1655">
     <span class='ocr_line' id='line_1_9' title="bbox 514 614 2071 671; baseline -0.004 -10"><span class='ocrx_word' id='word_1_43' title='bbox 514 621 552 661; x_wconf 85' lang='lat'>7.</span> <span class='ocrx_word' id='word_1_44' title='bbox 587 617 909 659; x_wconf 83' lang='lat' dir='ltr'>Adolescentes</span> <span class='ocrx_word' id='word_1_45' title='bbox 940 615 1139 670; x_wconf 89' lang='lat' dir='ltr'>tandem,</span> <span class='ocrx_word' id='word_1_46' title='bbox 1181 630 1421 671; x_wconf 87' lang='lat' dir='ltr'>eorumque</span> <span class='ocrx_word' id='word_1_47' title='bbox 1451 619 1658 671; x_wconf 81' lang='lat' dir='ltr'>parentes</span> <span class='ocrx_word' id='word_1_48' title='bbox 1686 617 1691 671; x_wconf 75' lang='grc'>1</span> <span class='ocrx_word' id='word_1_49' title='bbox 1719 615 1905 656; x_wconf 87' lang='lat' dir='ltr'>mirifice</span> <span class='ocrx_word' id='word_1_50' title='bbox 1948 614 2071 656; x_wconf 85' lang='lat' dir='ltr'>exhi-</span> 
     </span>
     <span class='ocr_line' id='line_1_10' title="bbox 371 685 2070 744; baseline -0.002 -14"><span class='ocrx_word' id='word_1_51' title='bbox 371 689 576 730; x_wconf 88' lang='lat' dir='ltr'>larantur</span> <span class='ocrx_word' id='word_1_52' title='bbox 604 693 738 744; x_wconf 88' lang='lat' dir='ltr'>atque</span> <span class='ocrx_word' id='word_1_53' title='bbox 770 687 1090 741; x_wconf 86' lang='lat' dir='ltr'>accenduntur,</span> <span class='ocrx_word' id='word_1_54' title='bbox 1123 687 1316 729; x_wconf 79' lang='lat' dir='ltr'>Nostrae</span> <span class='ocrx_word' id='word_1_55' title='bbox 1338 686 1473 728; x_wconf 87' lang='lat' dir='ltr'>etiam</span> <span class='ocrx_word' id='word_1_56' title='bbox 1495 686 1816 728; x_wconf 85' lang='lat' dir='ltr'>deuinciuntur</span> <span class='ocrx_word' id='word_1_57' title='bbox 1839 685 2070 741; x_wconf 81' lang='lat' dir='ltr'>Societati,</span> 
     </span>
     <span class='ocr_line' id='line_1_11' title="bbox 373 757 2069 815; baseline -0.002 -13"><span class='ocrx_word' id='word_1_58' title='bbox 373 775 474 802; x_wconf 91' lang='lat' dir='ltr'>cum</span> <span class='ocrx_word' id='word_1_59' title='bbox 507 763 663 801; x_wconf 89' lang='lat' dir='ltr'>nostra</span> <span class='ocrx_word' id='word_1_60' title='bbox 695 773 831 815; x_wconf 85' lang='lat' dir='ltr'>opera</span> <span class='ocrx_word' id='word_1_61' title='bbox 862 761 1051 814; x_wconf 76' lang='lat' dir='ltr'>possunt</span> <span class='ocrx_word' id='word_1_62' title='bbox 1082 757 1130 799; x_wconf 90' lang='lat' dir='ltr'>in</span> <span class='ocrx_word' id='word_1_63' title='bbox 1162 757 1239 799; x_wconf 84' lang='lat' dir='ltr'>Th</span> <span class='ocrx_word' id='word_1_64' title='bbox 1254 762 1401 800; x_wconf 89' lang='lat' dir='ltr'>eatro</span> <span class='ocrx_word' id='word_1_65' title='bbox 1442 758 1570 814; x_wconf 90' lang='lat' dir='ltr'>pueri</span> <span class='ocrx_word' id='word_1_66' title='bbox 1603 758 1784 813; x_wconf 78' lang='lat' dir='ltr'>aliquod</span> <span class='ocrx_word' id='word_1_67' title='bbox 1817 758 1886 800; x_wconf 88' lang='lat' dir='ltr'>sui</span> <span class='ocrx_word' id='word_1_68' title='bbox 1918 758 2069 814; x_wconf 85' lang='lat' dir='ltr'>studij,</span> 
     </span>
     <span class='ocr_line' id='line_1_12' title="bbox 373 828 2074 885; baseline -0.002 -12"><span class='ocrx_word' id='word_1_69' title='bbox 373 830 577 884; x_wconf 89' lang='lat' dir='ltr'>actionis,</span> <span class='ocrx_word' id='word_1_70' title='bbox 609 829 851 871; x_wconf 76' lang='lat' dir='ltr'>memoriae</span> <span class='ocrx_word' id='word_1_71' title='bbox 883 829 1107 885; x_wconf 82' lang='lat' dir='ltr'>specimen</span> <span class='ocrx_word' id='word_1_72' title='bbox 1139 828 1360 870; x_wconf 79' lang='lat' dir='ltr'>exhibere,</span> <span class='ocrx_word' id='word_1_73' title='bbox 1423 828 1641 884; x_wconf 83' lang='lat' dir='ltr'>Agendae</span> <span class='ocrx_word' id='word_1_74' title='bbox 1677 828 1830 884; x_wconf 86' lang='lat' dir='ltr'>itaque</span> <span class='ocrx_word' id='word_1_75' title='bbox 1861 829 2074 871; x_wconf 87' lang='lat' dir='ltr'>videntur</span> 
     </span>
     <span class='ocr_line' id='line_1_13' title="bbox 375 899 2071 955; baseline -0.001 -11"><span class='ocrx_word' id='word_1_76' title='bbox 375 901 643 944; x_wconf 79' lang='lat' dir='ltr'>Comoedi-ae</span> <span class='ocrx_word' id='word_1_77' title='bbox 674 916 725 942; x_wconf 92' lang='lat' dir='ltr'>ac</span> <span class='ocrx_word' id='word_1_78' title='bbox 756 900 1027 955; x_wconf 79' lang='lat' dir='ltr'>tragoediae,</span> <span class='ocrx_word' id='word_1_79' title='bbox 1062 914 1113 941; x_wconf 87' lang='lat' dir='ltr'>ea</span> <span class='ocrx_word' id='word_1_80' title='bbox 1144 904 1296 940; x_wconf 88' lang='lat' dir='ltr'>tamen</span> <span class='ocrx_word' id='word_1_81' title='bbox 1319 899 1638 954; x_wconf 77' lang='lat' dir='ltr'>moderatione,</span> <span class='ocrx_word' id='word_1_82' title='bbox 1672 914 1785 955; x_wconf 91' lang='lat' dir='ltr'>quae</span> <span class='ocrx_word' id='word_1_83' title='bbox 1806 900 1984 955; x_wconf 78' lang='lat' dir='ltr'>Regula</span> <span class='ocrx_word' id='word_1_84' title='bbox 2002 902 2071 944; x_wconf 82' lang='lat'>58.</span> 
     </span>
     <span class='ocr_line' id='line_1_14' title="bbox 372 970 2072 1028; baseline -0.002 -13"><span class='ocrx_word' id='word_1_85' title='bbox 372 971 673 1015; x_wconf 85' lang='lat' dir='ltr'>Prouincialis</span> <span class='ocrx_word' id='word_1_86' title='bbox 705 970 1038 1028; x_wconf 76' lang='lat' dir='ltr'>praescribitur.</span> <span class='ocrx_word' id='word_1_87' title='bbox 1091 970 1191 1019; x_wconf 76' lang='lat' dir='ltr'>Quo</span> <span class='ocrx_word' id='word_1_88' title='bbox 1211 971 1260 1012; x_wconf 91' lang='lat' dir='ltr'>in</span> <span class='ocrx_word' id='word_1_89' title='bbox 1282 985 1444 1026; x_wconf 87' lang='lat' dir='ltr'>genere</span> <span class='ocrx_word' id='word_1_90' title='bbox 1475 970 1591 1013; x_wconf 89' lang='lat' dir='ltr'>illud</span> <span class='ocrx_word' id='word_1_91' title='bbox 1624 971 2072 1013; x_wconf 86' lang='lat' dir='ltr'>animaduertendum</span> 
     </span>
     <span class='ocr_line' id='line_1_15' title="bbox 371 1042 2073 1097; baseline -0.001 -11"><span class='ocrx_word' id='word_1_92' title='bbox 371 1045 573 1097; x_wconf 88' lang='lat' dir='ltr'>videtur,</span> <span class='ocrx_word' id='word_1_93' title='bbox 621 1042 740 1084; x_wconf 88' lang='lat' dir='ltr'>hanc</span> <span class='ocrx_word' id='word_1_94' title='bbox 784 1057 879 1083; x_wconf 86' lang='lat' dir='ltr'>rem</span> <span class='ocrx_word' id='word_1_95' title='bbox 917 1057 996 1097; x_wconf 87' lang='lat' dir='ltr'>per</span> <span class='ocrx_word' id='word_1_96' title='bbox 1035 1056 1079 1083; x_wconf 90' lang='lat' dir='ltr'>se</span> <span class='ocrx_word' id='word_1_97' title='bbox 1120 1042 1355 1083; x_wconf 80' lang='lat' dir='ltr'>molestam</span> <span class='ocrx_word' id='word_1_98' title='bbox 1396 1042 1504 1083; x_wconf 88' lang='lat' dir='ltr'>satis</span> <span class='ocrx_word' id='word_1_99' title='bbox 1546 1058 1598 1084; x_wconf 90' lang='lat' dir='ltr'>ac</span> <span class='ocrx_word' id='word_1_100' title='bbox 1640 1042 1930 1097; x_wconf 75' lang='lat' dir='ltr'>laboriosam,</span> <span class='ocrx_word' id='word_1_101' title='bbox 1977 1042 2073 1084; x_wconf 86' lang='lat' dir='ltr'>fieri</span> 
     </span>
     <span class='ocr_line' id='line_1_16' title="bbox 371 1112 2074 1172; baseline -0.002 -15"><span class='ocrx_word' id='word_1_102' title='bbox 371 1116 508 1157; x_wconf 87' lang='lat' dir='ltr'>etiam</span> <span class='ocrx_word' id='word_1_103' title='bbox 540 1129 653 1172; x_wconf 89' lang='lat' dir='ltr'>pene</span> <span class='ocrx_word' id='word_1_104' title='bbox 684 1112 1029 1167; x_wconf 87' lang='lat' dir='ltr'>intolerabilem,</span> <span class='ocrx_word' id='word_1_105' title='bbox 1063 1113 1183 1168; x_wconf 88' lang='lat' dir='ltr'>quod</span> <span class='ocrx_word' id='word_1_106' title='bbox 1214 1113 1341 1154; x_wconf 87' lang='lat' dir='ltr'>labor</span> <span class='ocrx_word' id='word_1_107' title='bbox 1367 1112 1445 1154; x_wconf 90' lang='lat' dir='ltr'>ille</span> <span class='ocrx_word' id='word_1_108' title='bbox 1467 1113 1718 1169; x_wconf 83' lang='lat' dir='ltr'>multipleX,</span> <span class='ocrx_word' id='word_1_109' title='bbox 1752 1128 1884 1168; x_wconf 87' lang='lat' dir='ltr'>quem</span> <span class='ocrx_word' id='word_1_110' title='bbox 1908 1113 2074 1154; x_wconf 87' lang='lat' dir='ltr'>scaeni-</span> 
     </span>
     <span class='ocr_line' id='line_1_17' title="bbox 373 1183 2070 1240; baseline -0.002 -12"><span class='ocrx_word' id='word_1_111' title='bbox 373 1203 448 1229; x_wconf 80' lang='lat' dir='ltr'>cae</span> <span class='ocrx_word' id='word_1_112' title='bbox 481 1186 682 1228; x_wconf 80' lang='lat' dir='ltr'>actiones</span> <span class='ocrx_word' id='word_1_113' title='bbox 714 1199 864 1226; x_wconf 87' lang='lat' dir='ltr'>secum</span> <span class='ocrx_word' id='word_1_114' title='bbox 897 1183 1065 1238; x_wconf 86' lang='lat' dir='ltr'>ferunt,</span> <span class='ocrx_word' id='word_1_115' title='bbox 1099 1183 1238 1225; x_wconf 88' lang='lat' dir='ltr'>ferme</span> <span class='ocrx_word' id='word_1_116' title='bbox 1269 1188 1393 1226; x_wconf 88' lang='lat' dir='ltr'>totus</span> <span class='ocrx_word' id='word_1_117' title='bbox 1424 1184 1649 1226; x_wconf 85' lang='lat' dir='ltr'>incumbit</span> <span class='ocrx_word' id='word_1_118' title='bbox 1681 1183 1730 1225; x_wconf 89' lang='lat' dir='ltr'>in</span> <span class='ocrx_word' id='word_1_119' title='bbox 1762 1185 1963 1238; x_wconf 87' lang='lat' dir='ltr'>Po&#39;e,tam</span> <span class='ocrx_word' id='word_1_120' title='bbox 1996 1185 2070 1240; x_wconf 89' lang='lat' dir='ltr'>qui</span> 
     </span>
     <span class='ocr_line' id='line_1_18' title="bbox 372 1255 2074 1312; baseline -0.002 -13"><span class='ocrx_word' id='word_1_121' title='bbox 372 1263 527 1299; x_wconf 85' lang='lat' dir='ltr'>tamen</span> <span class='ocrx_word' id='word_1_122' title='bbox 559 1257 667 1298; x_wconf 88' lang='lat' dir='ltr'>satis</span> <span class='ocrx_word' id='word_1_123' title='bbox 699 1256 924 1298; x_wconf 82' lang='lat' dir='ltr'>laborasse</span> <span class='ocrx_word' id='word_1_124' title='bbox 956 1255 1226 1296; x_wconf 86' lang='lat' dir='ltr'>iudicandus</span> <span class='ocrx_word' id='word_1_125' title='bbox 1258 1259 1373 1296; x_wconf 75' lang='lat' dir='ltr'>esset</span> <span class='ocrx_word' id='word_1_126' title='bbox 1402 1255 1451 1296; x_wconf 88' lang='lat' dir='ltr'>in</span> <span class='ocrx_word' id='word_1_127' title='bbox 1483 1255 1718 1297; x_wconf 83' lang='lat' dir='ltr'>solibendo</span> <span class='ocrx_word' id='word_1_128' title='bbox 1750 1259 1976 1312; x_wconf 80' lang='lat' dir='ltr'>poemate:</span> <span class='ocrx_word' id='word_1_129' title='bbox 2025 1255 2074 1296; x_wconf 90' lang='lat' dir='ltr'>in</span> 
     </span>
     <span class='ocr_line' id='line_1_19' title="bbox 371 1326 2074 1383; baseline -0.002 -13"><span class='ocrx_word' id='word_1_130' title='bbox 371 1329 528 1370; x_wconf 83' lang='lat' dir='ltr'>ceteris</span> <span class='ocrx_word' id='word_1_131' title='bbox 559 1342 679 1382; x_wconf 86' lang='lat' dir='ltr'>vero,</span> <span class='ocrx_word' id='word_1_132' title='bbox 714 1343 828 1383; x_wconf 88' lang='lat' dir='ltr'>quae</span> <span class='ocrx_word' id='word_1_133' title='bbox 853 1326 910 1368; x_wconf 87' lang='lat' dir='ltr'>ad</span> <span class='ocrx_word' id='word_1_134' title='bbox 937 1326 1204 1367; x_wconf 85' lang='lat' dir='ltr'>exercendos</span> <span class='ocrx_word' id='word_1_135' title='bbox 1236 1341 1411 1382; x_wconf 85' lang='grc'>11110100,</span> <span class='ocrx_word' id='word_1_136' title='bbox 1446 1326 1498 1368; x_wconf 86' lang='lat' dir='ltr'>ad</span> <span class='ocrx_word' id='word_1_137' title='bbox 1535 1331 1780 1383; x_wconf 88' lang='lat' dir='ltr'>sumptum,</span> <span class='ocrx_word' id='word_1_138' title='bbox 1814 1326 1871 1367; x_wconf 89' lang='lat' dir='ltr'>ad</span> <span class='ocrx_word' id='word_1_139' title='bbox 1902 1326 2074 1368; x_wconf 79' lang='lat' dir='ltr'>vaiiam</span> 
     </span>
     <span class='ocr_line' id='line_1_20' title="bbox 371 1397 2076 1455; baseline -0.002 -13"><span class='ocrx_word' id='word_1_140' title='bbox 371 1404 540 1442; x_wconf 83' lang='lat' dir='ltr'>vestem</span> <span class='ocrx_word' id='word_1_141' title='bbox 573 1399 939 1455; x_wconf 83' lang='lat' dir='ltr'>conquirendam,</span> <span class='ocrx_word' id='word_1_142' title='bbox 982 1397 1038 1439; x_wconf 90' lang='lat' dir='ltr'>ad</span> <span class='ocrx_word' id='word_1_143' title='bbox 1069 1397 1315 1439; x_wconf 77' lang='lat' dir='ltr'>Theatrum</span> <span class='ocrx_word' id='word_1_144' title='bbox 1348 1397 1647 1438; x_wconf 86' lang='lat' dir='ltr'>extruendum</span> <span class='ocrx_word' id='word_1_145' title='bbox 1685 1397 1926 1453; x_wconf 85' lang='lat' dir='ltr'>pertinent,</span> <span class='ocrx_word' id='word_1_146' title='bbox 1969 1397 2076 1439; x_wconf 87' lang='lat' dir='ltr'>alio-</span> 
     </span>
     <span class='ocr_line' id='line_1_21' title="bbox 370 1468 2075 1526; baseline -0.002 -14"><span class='ocrx_word' id='word_1_147' title='bbox 370 1486 485 1525; x_wconf 86' lang='lat' dir='ltr'>rum,</span> <span class='ocrx_word' id='word_1_148' title='bbox 520 1470 598 1526; x_wconf 88' lang='lat' dir='ltr'>qui</span> <span class='ocrx_word' id='word_1_149' title='bbox 631 1471 688 1512; x_wconf 83' lang='lat' dir='ltr'>ab</span> <span class='ocrx_word' id='word_1_150' title='bbox 719 1470 817 1526; x_wconf 86' lang='lat' dir='ltr'>ipso</span> <span class='ocrx_word' id='word_1_151' title='bbox 850 1470 1167 1524; x_wconf 81' lang='lat' dir='ltr'>dirigerentur,</span> <span class='ocrx_word' id='word_1_152' title='bbox 1200 1483 1336 1525; x_wconf 86' lang='lat' dir='ltr'>opera</span> <span class='ocrx_word' id='word_1_153' title='bbox 1367 1469 1587 1510; x_wconf 85' lang='lat' dir='ltr'>leuandus</span> <span class='ocrx_word' id='word_1_154' title='bbox 1619 1475 1753 1510; x_wconf 86' lang='lat' dir='ltr'>esset:</span> <span class='ocrx_word' id='word_1_155' title='bbox 1794 1468 1996 1524; x_wconf 86' lang='lat' dir='ltr'>alioquin</span> <span class='ocrx_word' id='word_1_156' title='bbox 2028 1469 2075 1509; x_wconf 90' lang='lat' dir='ltr'>in</span> 
     </span>
     <span class='ocr_line' id='line_1_22' title="bbox 372 1539 2072 1597; baseline -0.002 -13"><span class='ocrx_word' id='word_1_157' title='bbox 372 1557 510 1597; x_wconf 84' lang='lat' dir='ltr'>graue</span> <span class='ocrx_word' id='word_1_158' title='bbox 531 1546 625 1583; x_wconf 90' lang='lat' dir='ltr'>tam</span> <span class='ocrx_word' id='word_1_159' title='bbox 656 1541 894 1596; x_wconf 84' lang='lat' dir='ltr'>religiosae</span> <span class='ocrx_word' id='word_1_160' title='bbox 926 1540 1123 1597; x_wconf 86' lang='lat' dir='ltr'>pietatis,</span> <span class='ocrx_word' id='word_1_161' title='bbox 1158 1555 1293 1595; x_wconf 86' lang='lat' dir='ltr'>quam</span> <span class='ocrx_word' id='word_1_162' title='bbox 1313 1539 1590 1583; x_wconf 82' lang='lat' dir='ltr'>valetudinis</span> <span class='ocrx_word' id='word_1_163' title='bbox 1611 1540 1861 1596; x_wconf 83' lang='lat' dir='ltr'>periculum</span> <span class='ocrx_word' id='word_1_164' title='bbox 1883 1539 2072 1580; x_wconf 88' lang='lat' dir='ltr'>incidet.</span> 
     </span>
     <span class='ocr_line' id='line_1_23' title="bbox 369 1611 1540 1655; baseline -0.002 -1"><span class='ocrx_word' id='word_1_165' title='bbox 369 1613 543 1655; x_wconf 84' lang='lat' dir='ltr'>Idcirco</span> <span class='ocrx_word' id='word_1_166' title='bbox 576 1613 718 1655; x_wconf 87' lang='lat' dir='ltr'>satius</span> <span class='ocrx_word' id='word_1_167' title='bbox 750 1619 864 1654; x_wconf 85' lang='lat' dir='ltr'>esset</span> <span class='ocrx_word' id='word_1_168' title='bbox 895 1612 952 1653; x_wconf 84' lang='lat' dir='ltr'>ab</span> <span class='ocrx_word' id='word_1_169' title='bbox 985 1612 1107 1653; x_wconf 88' lang='lat' dir='ltr'>hisce</span> <span class='ocrx_word' id='word_1_170' title='bbox 1139 1611 1271 1653; x_wconf 86' lang='lat' dir='ltr'>rebus</span> <span class='ocrx_word' id='word_1_171' title='bbox 1303 1611 1540 1653; x_wconf 83' lang='lat' dir='ltr'>abstinere.</span> 
     </span>
    </p>

    <p class='ocr_par' dir='ltr' id='par_1_7' title="bbox 373 1682 2075 2238">
     <span class='ocr_line' id='line_1_24' title="bbox 515 1682 2074 1739; baseline -0.001 -14"><span class='ocrx_word' id='word_1_172' title='bbox 515 1684 740 1735; x_wconf 80' lang='lat' dir='ltr'>Quoniam</span> <span class='ocrx_word' id='word_1_173' title='bbox 774 1698 882 1725; x_wconf 84' lang='lat' dir='ltr'>vero</span> <span class='ocrx_word' id='word_1_174' title='bbox 910 1683 1188 1738; x_wconf 85' lang='lat' dir='ltr'>Tragoediae</span> <span class='ocrx_word' id='word_1_175' title='bbox 1219 1699 1304 1725; x_wconf 92' lang='lat' dir='ltr'>nec</span> <span class='ocrx_word' id='word_1_176' title='bbox 1333 1683 1513 1738; x_wconf 85' lang='lat' dir='ltr'>vbique,</span> <span class='ocrx_word' id='word_1_177' title='bbox 1545 1697 1629 1724; x_wconf 83' lang='lat' dir='ltr'>nec</span> <span class='ocrx_word' id='word_1_178' title='bbox 1661 1697 1846 1739; x_wconf 78' lang='lat' dir='ltr'>semper,</span> <span class='ocrx_word' id='word_1_179' title='bbox 1879 1697 1961 1723; x_wconf 89' lang='lat' dir='ltr'>nec</span> <span class='ocrx_word' id='word_1_180' title='bbox 1991 1682 2074 1724; x_wconf 85' lang='lat' dir='ltr'>fre-</span> 
     </span>
     <span class='ocr_line' id='line_1_25' title="bbox 373 1753 2072 1811; baseline -0.001 -14"><span class='ocrx_word' id='word_1_181' title='bbox 373 1760 562 1811; x_wconf 80' lang='lat' dir='ltr'>quenter</span> <span class='ocrx_word' id='word_1_182' title='bbox 585 1755 657 1810; x_wconf 85' lang='lat' dir='ltr'>agi</span> <span class='ocrx_word' id='word_1_183' title='bbox 692 1758 894 1811; x_wconf 82' lang='lat' dir='ltr'>possunt,</span> <span class='ocrx_word' id='word_1_184' title='bbox 926 1769 982 1796; x_wconf 90' lang='lat' dir='ltr'>ne</span> <span class='ocrx_word' id='word_1_185' title='bbox 1003 1754 1052 1795; x_wconf 87' lang='lat' dir='ltr'>in</span> <span class='ocrx_word' id='word_1_186' title='bbox 1073 1754 1261 1796; x_wconf 85' lang='lat' dir='ltr'>nimiam</span> <span class='ocrx_word' id='word_1_187' title='bbox 1284 1754 1619 1796; x_wconf 87' lang='lat' dir='ltr'>desuetudinem</span> <span class='ocrx_word' id='word_1_188' title='bbox 1644 1754 1776 1796; x_wconf 85' lang='lat' dir='ltr'>abeat</span> <span class='ocrx_word' id='word_1_189' title='bbox 1796 1753 2072 1808; x_wconf 79' lang='lat' dir='ltr'>exercitatio,</span> 
     </span>
     <span class='ocr_line' id='line_1_26' title="bbox 374 1825 2073 1882; baseline -0.001 -14"><span class='ocrx_word' id='word_1_190' title='bbox 374 1827 470 1868; x_wconf 82' lang='lat' dir='ltr'>sine</span> <span class='ocrx_word' id='word_1_191' title='bbox 503 1842 593 1882; x_wconf 79' lang='lat' dir='ltr'>qua</span> <span class='ocrx_word' id='word_1_192' title='bbox 625 1827 771 1882; x_wconf 70' lang='lat' dir='ltr'>poesis</span> <span class='ocrx_word' id='word_1_193' title='bbox 803 1841 916 1882; x_wconf 85' lang='lat' dir='ltr'>pene</span> <span class='ocrx_word' id='word_1_194' title='bbox 949 1826 1095 1867; x_wconf 86' lang='lat' dir='ltr'>omnis</span> <span class='ocrx_word' id='word_1_195' title='bbox 1126 1826 1268 1881; x_wconf 83' lang='lat' dir='ltr'>friget</span> <span class='ocrx_word' id='word_1_196' title='bbox 1300 1841 1351 1867; x_wconf 89' lang='lat' dir='ltr'>ac</span> <span class='ocrx_word' id='word_1_197' title='bbox 1382 1827 1520 1880; x_wconf 89' lang='lat' dir='ltr'>iacet,</span> <span class='ocrx_word' id='word_1_198' title='bbox 1563 1839 1656 1866; x_wconf 89' lang='lat' dir='ltr'>non</span> <span class='ocrx_word' id='word_1_199' title='bbox 1687 1840 1847 1882; x_wconf 89' lang='lat' dir='ltr'>parum</span> <span class='ocrx_word' id='word_1_200' title='bbox 1879 1825 2073 1881; x_wconf 84' lang='lat' dir='ltr'>expedit,</span> 
     </span>
     <span class='ocr_line' id='line_1_27' title="bbox 373 1896 2075 1953; baseline -0.002 -13"><span class='ocrx_word' id='word_1_201' title='bbox 373 1903 442 1940; x_wconf 88' lang='lat' dir='ltr'>ter</span> <span class='ocrx_word' id='word_1_202' title='bbox 474 1904 553 1940; x_wconf 87' lang='lat' dir='ltr'>aut</span> <span class='ocrx_word' id='word_1_203' title='bbox 586 1903 745 1953; x_wconf 83' lang='lat' dir='ltr'>quater</span> <span class='ocrx_word' id='word_1_204' title='bbox 775 1897 824 1938; x_wconf 87' lang='lat' dir='ltr'>in</span> <span class='ocrx_word' id='word_1_205' title='bbox 858 1912 976 1938; x_wconf 86' lang='lat' dir='ltr'>anno</span> <span class='ocrx_word' id='word_1_206' title='bbox 1008 1897 1225 1953; x_wconf 85' lang='lat' dir='ltr'>priuatim</span> <span class='ocrx_word' id='word_1_207' title='bbox 1256 1896 1305 1937; x_wconf 86' lang='lat' dir='ltr'>in</span> <span class='ocrx_word' id='word_1_208' title='bbox 1336 1896 1513 1938; x_wconf 75' lang='lat' dir='ltr'>Scholis</span> <span class='ocrx_word' id='word_1_209' title='bbox 1536 1896 1848 1938; x_wconf 87' lang='lat' dir='ltr'>Humanitatis</span> <span class='ocrx_word' id='word_1_210' title='bbox 1880 1900 1924 1937; x_wconf 94' lang='lat' dir='ltr'>et</span> <span class='ocrx_word' id='word_1_211' title='bbox 1956 1896 2075 1938; x_wconf 84' lang='lat' dir='ltr'>Rhe-</span> 
     </span>
     <span class='ocr_line' id='line_1_28' title="bbox 374 1967 2074 2024; baseline -0.002 -13"><span class='ocrx_word' id='word_1_212' title='bbox 374 1970 542 2011; x_wconf 83' lang='lat' dir='ltr'>toricae</span> <span class='ocrx_word' id='word_1_213' title='bbox 581 1969 676 2010; x_wconf 85' lang='lat' dir='ltr'>sine</span> <span class='ocrx_word' id='word_1_214' title='bbox 707 1968 911 2010; x_wconf 87' lang='lat' dir='ltr'>scaenico</span> <span class='ocrx_word' id='word_1_215' title='bbox 945 1972 1109 2010; x_wconf 87' lang='lat' dir='ltr'>ornatu</span> <span class='ocrx_word' id='word_1_216' title='bbox 1141 1983 1166 2008; x_wconf 89' lang='lat' dir='ltr'>a</span> <span class='ocrx_word' id='word_1_217' title='bbox 1198 1967 1347 2024; x_wconf 81' lang='lat' dir='ltr'>pueris</span> <span class='ocrx_word' id='word_1_218' title='bbox 1379 1972 1537 2010; x_wconf 88' lang='lat' dir='ltr'>mutuo</span> <span class='ocrx_word' id='word_1_219' title='bbox 1570 1967 1934 2023; x_wconf 80' lang='lat' dir='ltr'>colloquentibus</span> <span class='ocrx_word' id='word_1_220' title='bbox 1965 1967 2074 2008; x_wconf 84' lang='lat' dir='ltr'>reci-</span> 
     </span>
     <span class='ocr_line' id='line_1_29' title="bbox 374 2039 2074 2096; baseline -0.002 -14"><span class='ocrx_word' id='word_1_221' title='bbox 374 2041 462 2082; x_wconf 87' lang='lat' dir='ltr'>tari</span> <span class='ocrx_word' id='word_1_222' title='bbox 504 2041 559 2082; x_wconf 85' lang='lat' dir='ltr'>ab</span> <span class='ocrx_word' id='word_1_223' title='bbox 599 2040 706 2096; x_wconf 84' lang='lat' dir='ltr'>ipsis</span> <span class='ocrx_word' id='word_1_224' title='bbox 746 2040 1016 2096; x_wconf 84' lang='lat' dir='ltr'>compositas</span> <span class='ocrx_word' id='word_1_225' title='bbox 1048 2040 1288 2094; x_wconf 78' lang='lat' dir='ltr'>Eclogas,¹</span> <span class='ocrx_word' id='word_1_226' title='bbox 1336 2040 1548 2093; x_wconf 75' lang='lat' dir='ltr'>Scaenas,</span> <span class='ocrx_word' id='word_1_227' title='bbox 1596 2039 1835 2094; x_wconf 82' lang='lat' dir='ltr'>Dialogos,</span> <span class='ocrx_word' id='word_1_228' title='bbox 1883 2053 2074 2094; x_wconf 89' lang='lat' dir='ltr'>quorum</span> 
     </span>
     <span class='ocr_line' id='line_1_30' title="bbox 374 2110 2074 2168; baseline -0.002 -15"><span class='ocrx_word' id='word_1_229' title='bbox 374 2117 522 2168; x_wconf 84' lang='lat' dir='ltr'>partes</span> <span class='ocrx_word' id='word_1_230' title='bbox 548 2112 613 2153; x_wconf 89' lang='lat' dir='ltr'>ita</span> <span class='ocrx_word' id='word_1_231' title='bbox 634 2112 854 2167; x_wconf 86' lang='lat' dir='ltr'>Magister</span> <span class='ocrx_word' id='word_1_232' title='bbox 885 2111 1093 2167; x_wconf 81' lang='lat' dir='ltr'>disponet</span> <span class='ocrx_word' id='word_1_233' title='bbox 1125 2126 1175 2152; x_wconf 87' lang='lat' dir='ltr'>ac</span> <span class='ocrx_word' id='word_1_234' title='bbox 1207 2110 1382 2152; x_wconf 87' lang='lat' dir='ltr'>diuidet</span> <span class='ocrx_word' id='word_1_235' title='bbox 1415 2111 1550 2167; x_wconf 81' lang='lat' dir='ltr'>paulo</span> <span class='ocrx_word' id='word_1_236' title='bbox 1581 2110 1937 2166; x_wconf 82' lang='lat' dir='ltr'>prouectioribus</span> <span class='ocrx_word' id='word_1_237' title='bbox 1968 2110 2074 2152; x_wconf 84' lang='lat' dir='ltr'>scri—</span> 
     </span>
     <span class='ocr_line' id='line_1_31' title="bbox 374 2183 1859 2238; baseline -0.001 -13"><span class='ocrx_word' id='word_1_238' title='bbox 374 2184 557 2237; x_wconf 82' lang='lat' dir='ltr'>bendas,</span> <span class='ocrx_word' id='word_1_239' title='bbox 591 2189 643 2225; x_wconf 90' lang='lat' dir='ltr'>vt</span> <span class='ocrx_word' id='word_1_240' title='bbox 673 2183 941 2224; x_wconf 79' lang='lat' dir='ltr'>coniunctae</span> <span class='ocrx_word' id='word_1_241' title='bbox 972 2188 1131 2238; x_wconf 74' lang='lat' dir='ltr'>postca</span> <span class='ocrx_word' id='word_1_242' title='bbox 1163 2197 1301 2223; x_wconf 87' lang='lat' dir='ltr'>vnum</span> <span class='ocrx_word' id='word_1_243' title='bbox 1335 2196 1493 2237; x_wconf 85' lang='lat' dir='ltr'>corpus</span> <span class='ocrx_word' id='word_1_244' title='bbox 1531 2185 1859 2236; x_wconf 82' lang='lat' dir='ltr'>coagmentent.</span> 
     </span>
    </p>
   </div>
   <div class='ocr_carea' id='block_1_6' title="bbox 713 2442 1735 2689">
    <p class='ocr_par' dir='ltr' id='par_1_8' title="bbox 713 2442 1735 2689">
     <span class='ocr_line' id='line_1_32' title="bbox 786 2442 1659 2522; baseline -0.003 -15"><span class='ocrx_word' id='word_1_245' title='bbox 786 2444 956 2508; x_wconf 82' lang='lat' dir='ltr'>Ratio</span> <span class='ocrx_word' id='word_1_246' title='bbox 1001 2442 1398 2522; x_wconf 83' lang='lat' dir='ltr'>promouendi</span> <span class='ocrx_word' id='word_1_247' title='bbox 1441 2460 1659 2521; x_wconf 83' lang='lat' dir='ltr'>pueros</span> 
     </span>
     <span class='ocr_line' id='line_1_33' title="bbox 713 2541 1735 2605; baseline -0.003 -15"><span class='ocrx_word' id='word_1_248' title='bbox 713 2559 772 2590; x_wconf 86' lang='lat' dir='ltr'>ex</span> <span class='ocrx_word' id='word_1_249' title='bbox 813 2542 1046 2591; x_wconf 85' lang='lat' dir='ltr'>inferiore</span> <span class='ocrx_word' id='word_1_250' title='bbox 1086 2541 1142 2589; x_wconf 84' lang='lat' dir='ltr'>ad</span> <span class='ocrx_word' id='word_1_251' title='bbox 1185 2542 1490 2605; x_wconf 86' lang='lat' dir='ltr'>superiorem</span> <span class='ocrx_word' id='word_1_252' title='bbox 1530 2541 1735 2589; x_wconf 84' lang='lat' dir='ltr'>classem</span> 
     </span>
     <span class='ocr_line' id='line_1_34' title="bbox 831 2625 1620 2689; baseline -0.001 -16"><span class='ocrx_word' id='word_1_253' title='bbox 831 2630 879 2673; x_wconf 87' lang='lat' dir='ltr'>ct</span> <span class='ocrx_word' id='word_1_254' title='bbox 916 2625 1363 2689; x_wconf 78' lang='lat' dir='ltr'>promoucndorum</span> <span class='ocrx_word' id='word_1_255' title='bbox 1404 2639 1620 2672; x_wconf 82' lang='lat' dir='ltr'>examen.</span> 
     </span>
    </p>
   </div>
   <div class='ocr_carea' id='block_1_7' title="bbox 1097 2743 1352 2806">
    <p class='ocr_par' dir='ltr' id='par_1_9' title="bbox 1097 2743 1352 2806">
     <span class='ocr_line' id='line_1_35' title="bbox 1097 2743 1352 2806; baseline -0.008 -14"><span class='ocrx_word' id='word_1_256' title='bbox 1097 2744 1211 2806; x_wconf 85' lang='lat' dir='ltr'>Cap.</span> <span class='ocrx_word' id='word_1_257' title='bbox 1253 2743 1352 2793; x_wconf 90' lang='lat' dir='ltr'>VII.</span> 
     </span>
    </p>
   </div>
   <div class='ocr_carea' id='block_1_8' title="bbox 380 2835 2072 2965">
    <p class='ocr_par' dir='ltr' id='par_1_10' title="bbox 380 2835 2072 2965">
     <span class='ocr_line' id='line_1_36' title="bbox 522 2835 2072 2893; baseline -0.003 -13"><span class='ocrx_word' id='word_1_258' title='bbox 522 2839 591 2891; x_wconf 79' lang='grc'>[1.]</span> <span class='ocrx_word' id='word_1_259' title='bbox 624 2837 762 2878; x_wconf 76' lang='lat' dir='ltr'>Fiant</span> <span class='ocrx_word' id='word_1_260' title='bbox 793 2836 1095 2893; x_wconf 77' lang='lat' dir='ltr'>promotiones</span> <span class='ocrx_word' id='word_1_261' title='bbox 1128 2851 1180 2876; x_wconf 86' lang='lat' dir='ltr'>ex</span> <span class='ocrx_word' id='word_1_262' title='bbox 1214 2835 1378 2890; x_wconf 75' lang='lat' dir='ltr'>schola,</span> <span class='ocrx_word' id='word_1_263' title='bbox 1412 2850 1500 2890; x_wconf 78' lang='lat' dir='ltr'>qua</span> <span class='ocrx_word' id='word_1_264' title='bbox 1531 2836 1778 2878; x_wconf 87' lang='lat' dir='ltr'>Nominum</span> <span class='ocrx_word' id='word_1_265' title='bbox 1800 2835 2072 2878; x_wconf 81' lang='lat' dir='ltr'>Verborum-</span> 
     </span>
     <span class='ocr_line' id='line_1_37' title="bbox 380 2907 2071 2965; baseline -0.003 -15"><span class='ocrx_word' id='word_1_266' title='bbox 380 2924 464 2965; x_wconf 82' lang='grc'>(1110.</span> <span class='ocrx_word' id='word_1_267' title='bbox 495 2909 712 2949; x_wconf 76' lang='lat' dir='ltr'>flexiones</span> <span class='ocrx_word' id='word_1_268' title='bbox 745 2908 1002 2962; x_wconf 82' lang='lat' dir='ltr'>discuntur,</span> <span class='ocrx_word' id='word_1_269' title='bbox 1050 2907 1183 2948; x_wconf 86' lang='lat' dir='ltr'>tertio</span> <span class='ocrx_word' id='word_1_270' title='bbox 1225 2921 1401 2961; x_wconf 85' lang='lat' dir='ltr'>quoque</span> <span class='ocrx_word' id='word_1_271' title='bbox 1445 2922 1610 2949; x_wconf 81' lang='lat' dir='ltr'>mense:</span> <span class='ocrx_word' id='word_1_272' title='bbox 1662 2922 1715 2948; x_wconf 85' lang='lat' dir='ltr'>ex</span> <span class='ocrx_word' id='word_1_273' title='bbox 1752 2907 1890 2948; x_wconf 85' lang='lat' dir='ltr'>classe</span> <span class='ocrx_word' id='word_1_274' title='bbox 1923 2909 2071 2947; x_wconf 86' lang='lat' dir='ltr'>autem</span> 
     </span>
    </p>
   </div>
   <div class='ocr_carea' id='block_1_9' title="bbox 856 2988 878 3000">
    <p class='ocr_par' dir='ltr' id='par_1_11' title="bbox 856 2988 878 3000">
     <span class='ocr_line' id='line_1_38' title="bbox 856 2988 878 3000; baseline 0 -7"><span class='ocrx_word' id='word_1_275' title='bbox 856 2988 878 3000; x_wconf 41' lang='grc' dir='ltr'>χ</span> 
     </span>
    </p>
   </div>
   <div class='ocr_carea' id='block_1_10' title="bbox 527 3038 1021 3082">
    <p class='ocr_par' dir='ltr' id='par_1_12' title="bbox 527 3038 1021 3082">
     <span class='ocr_line' id='line_1_39' title="bbox 527 3038 1021 3082; baseline -0.004 -9"><span class='ocrx_word' id='word_1_276' title='bbox 527 3039 537 3058; x_wconf 90' lang='lat'><strong>¹</strong></span> <span class='ocrx_word' id='word_1_277' title='bbox 564 3039 617 3073; x_wconf 87' lang='lat' dir='ltr'>Im</span> <span class='ocrx_word' id='word_1_278' title='bbox 647 3038 747 3081; x_wconf 80' lang='lat' dir='ltr'>Urig.</span> <span class='ocrx_word' id='word_1_279' title='bbox 777 3038 1021 3082; x_wconf 39' lang='lat' dir='ltr'>„Aegio-gas&amp;</span> 
     </span>
    </p>
   </div>
  </div>
 </body>
</html>
