2148 3402
278 161 348 195 Sel.
375 160 507 194 Petrus
534 157 700 194 Canisius
725 157 813 191 iiber
838 157 947 191 theol.
972 156 1226 201 Nachbildung
1252 154 1352 190 eines
1379 153 1563 188 Priesters
1590 153 1693 187 1589.
1762 142 1845 184 521

136 297 193 323 ne
231 294 430 337 unquam
470 279 527 321 ad
564 277 771 320 altiorem
809 274 1047 330 dignitatis
1084 274 1275 330 gradum
1316 274 1364 315 in
1395 273 1594 315 Ecclesia
1631 271 1848 328 proueha-

137 368 250 395 mur.
314 350 449 406 Cogit
480 349 598 392 enim
629 346 958 390 inuerecundus
989 360 1117 387 amor
1156 345 1203 386 id
1240 345 1344 386 uitii
1376 345 1573 401 prodere,
1606 342 1726 399 quod
1757 356 1848 383 me-

138 437 239 465 cum
271 422 492 479 sapientes
530 420 784 477 deplorant,
824 422 869 460 et
905 417 1107 474 plerique
1145 430 1236 457 non
1275 416 1370 456 sine
1413 415 1643 457 stomacho
1683 418 1727 455 et
1757 413 1851 455 risu

139 494 429 535 insectantur.
492 492 591 547 Ego
632 505 739 533 sane
788 489 835 531 in
872 488 943 531 his
982 487 1173 543 alijsque
1222 485 1431 528 omnibus
1475 485 1616 527 fidum
1656 484 1850 527 amicum

138 579 287 607 coram
319 564 412 605 Deo
444 568 489 605 et
518 562 776 604 hominibus
806 557 1239 617 irreprehensibilem
1261 571 1314 598 ac
1335 556 1647 598 moderatioris
1679 555 1850 612 ingenij

139 650 231 677 esse
262 634 484 692 percupio.

279 706 509 747 Postremo
546 704 584 746 si
624 703 677 745 de
715 703 841 746 libris
879 702 1010 745 nouis
1049 699 1381 743 conscribendis
1412 713 1464 740 ac
1493 698 1675 740 edendis
1706 713 1853 740 meum

141 776 357 818 iudicium
405 775 658 817 addendum
703 778 787 828 est,
835 774 925 815 iam
971 772 1144 829 pridem
1194 769 1517 824 animaduerti,
1563 769 1759 824 aliquam
1806 769 1855 810 in

140 847 283 889 amico
314 846 631 903 scripturiendi
663 844 956 901 cupiditatem
1000 843 1165 897 inesse,
1208 841 1491 897 multumque
1531 840 1742 896 temporis
1781 840 1856 881 ab-

141 933 325 972 sumere,
364 921 407 959 et
438 917 586 959 uarias
624 931 706 958 1160
744 915 941 957 111οᾶ1068
981 929 1129 956 016616
1168 928 1309 955 curas.
1373 911 1461 954 Sed
1499 910 1675 953 utinam
1714 910 1857 952 bonae

140 988 369 1031 uoluntati
413 1002 493 1045 par
538 987 730 1029 facultas
778 985 1064 1042 responderet
1115 984 1199 1026 hoc
1244 984 1402 1040 iniquo
1453 996 1644 1038 uereque
1694 985 1857 1023 nasuto

142 1060 338 1113 saeculo,
377 1074 464 1114 quo
503 1058 705 1100 uicturus
752 1056 939 1112 genium
982 1056 1114 1098 debet
1160 1056 1325 1097 habere
1364 1054 1498 1107 liber,
1546 1052 1741 1094 maxime
1783 1051 1860 1106 qui

141 1134 242 1186 post
271 1134 365 1171 tam
395 1129 578 1184 longam
610 1128 968 1185 expectationem
1000 1128 1057 1170 ab
1087 1127 1223 1170 huius
1245 1126 1375 1183 Reip.
1398 1124 1600 1167 Parocho
1634 1123 1858 1179 conscrip-

142 1205 213 1242 tus
246 1204 440 1257 praestet
470 1200 570 1256 plus
602 1215 735 1255 quam
767 1199 1023 1241 mediocria.
1086 1198 1218 1248 Quod
1256 1197 1293 1239 si
1330 1212 1430 1239 mea
1459 1211 1528 1238 res
1559 1198 1781 1251 ageretur,
1812 1194 1861 1235 in

143 1275 337 1313 mentem
368 1271 574 1327 inprimis
605 1285 859 1313 reuocarem
890 1270 1024 1312 illud:
1064 1270 1229 1312 Tecum
1268 1269 1443 1324 habita,
1475 1273 1527 1310 ut
1556 1267 1693 1322 noris,
1727 1280 1861 1321 quam

143 1344 203 1385 sit
234 1343 319 1385 tibi
351 1348 478 1385 curta
509 1342 722 1399 supellex.
774 1341 1015 1384 Scribendi
1046 1341 1316 1383 desiderium
1348 1343 1604 1397 suspectum
1638 1337 1861 1380 haberem,

143 1430 282 1471 quum
314 1419 409 1456 tam
440 1414 572 1470 pauci
613 1413 668 1456 ad
706 1413 990 1456 scribendum
1027 1413 1282 1467 hortentur,
1322 1413 1412 1453 imo
1451 1410 1653 1468 plerique
1693 1409 1863 1451 dissua-

144 1486 280 1528 deant
314 1500 415 1528 cum
446 1485 681 1527 haereticis
719 1485 768 1526 in
799 1499 982 1527 arenam
1020 1483 1295 1526 descendere.
1359 1482 1632 1538 Cogitarem,
1664 1495 1863 1522 necessa-

144 1558 258 1599 riam
289 1558 338 1599 in
368 1556 600 1600 scribendo
633 1556 1000 1598 exercitationem
1031 1560 1075 1597 et
1106 1554 1313 1611 peritiam
1347 1554 1511 1608 deesse,
1543 1568 1624 1595 nec
1655 1551 1863 1595 omnibus

145 1633 378 1685 suppetere
397 1628 537 1683 illam,
556 1643 668 1684 quae
684 1628 843 1670 merito
862 1626 1150 1680 desideratur,
1165 1625 1486 1680 inuentionem,
1509 1612 1863 1681 dispositionem,

146 1700 443 1742 elocutionem
474 1700 568 1741 siue
599 1700 768 1756 stylum
799 1704 933 1755 atque
962 1698 1177 1756 phrasim,
1208 1697 1468 1753 uariamque
1500 1694 1864 1753 suppellectilem,

147 1786 282 1827 quam
309 1771 471 1813 curiosi
504 1786 556 1813 ac
588 1771 770 1813 delicati
801 1770 934 1813 modo
967 1771 1176 1812 Lectores
1213 1768 1438 1824 requirere
1469 1768 1629 1809 solent.
1691 1765 1865 1808 Deinde

146 1843 237 1884 illis
269 1858 339 1884 me
370 1842 585 1899 molestijs
615 1843 865 1896 liberarem,
898 1857 1011 1898 quae
1042 1841 1262 1897 scripturo
1301 1839 1557 1882 subeundae
1595 1842 1719 1892 sunt,
1763 1851 1865 1879 cum

148 1928 349 1955 censores
381 1913 662 1968 adhibentur,
697 1929 797 1955 cum
819 1913 1005 1955 alendus
1026 1917 1092 1954 est
1113 1911 1410 1966 amanuensis,
1443 1925 1545 1952 cum
1575 1908 1865 1966 typographo

148 1985 447 2040 seruiendum,
480 2000 581 2027 cum
615 1985 831 2027 iudicium
872 1983 1026 2041 populi
1058 1983 1398 2040 expectandum.
1459 1980 1721 2023 Haereticos
1760 1994 1865 2021 uero

147 2061 364 2112 tanquam
396 2056 675 2098 oblatrantes
706 2071 835 2098 canes
867 2069 1137 2112 aspernarer,
1169 2069 1312 2110 neque
1330 2054 1385 2095 ob
1417 2053 1638 2094 incertum
1668 2049 1867 2092 fructum

148 2142 404 2186 nouumque
444 2128 597 2170 odium
644 2127 843 2170 abstrahi
880 2142 950 2168 me
992 2130 1166 2183 paterer
1205 2141 1230 2167 a
1270 2123 1395 2180 serijs
1427 2122 1657 2177 'sacrisque
1695 2120 1867 2176 studijs,

150 2218 263 2259 quae
291 2218 383 2245 non
414 2215 571 2261 parum
591 2200 803 2257 temporis
824 2200 1026 2254 exigunt,
1058 2200 1102 2238 et
1133 2196 1182 2237 a¹
1199 2210 1306 2237 uera
1332 2194 1496 2237 mentis
1523 2191 1869 2248 tranquillitate.

150 2275 369 2325 Quocirca
400 2273 535 2315 etiam
568 2277 702 2326 atque
733 2270 867 2312 etiam
900 2268 1192 2324 cogitandum
1230 2270 1361 2324 puto,
1402 2281 1460 2308 an
1492 2265 1587 2307 Deo
1618 2264 1795 2321 placeat
1827 2267 1870 2305 et

150 2344 279 2387 nobis
311 2344 519 2400 expediat
549 2357 715 2385 nouam
747 2341 799 2383 de
831 2340 914 2382 hac
945 2340 1160 2381 librorum
1189 2338 1429 2395 scriptione
1449 2351 1601 2379 curam
1634 2335 1869 2392 suscipere,

151 2419 195 2457 et
225 2415 310 2457 hoc
341 2415 499 2470 ingens
530 2427 792 2470 promouere
824 2425 996 2465 saxum,
1029 2409 1292 2452 melioribus
1313 2408 1494 2451 interim
1516 2407 1720 2464 sepositis
1743 2421 1869 2449 occu-

152 2485 425 2542 pationibus,
457 2485 711 2541 relictisque
741 2482 886 2538 magis
918 2482 1192 2524 salutaribus
1230 2480 1408 2536 studijs,
1442 2494 1555 2536 quae
1588 2493 1690 2521 cum
1721 2481 1872 2535 pasto-

152 2557 236 2599 rali
267 2557 507 2598 uocatione
541 2556 781 2598 coniuncta
812 2557 959 2596 totum
991 2552 1220 2595 hominem
1253 2551 1341 2593 sibi
1370 2551 1628 2595 vendicant.

293 2628 419 2669 Haec
451 2627 604 2682 qualia
634 2626 786 2683 qualia
818 2628 936 2679 sunt,
969 2623 1183 2680 quoniam
1217 2639 1242 2665 a
1275 2638 1460 2679 syncero
1493 2625 1537 2664 et
1570 2621 1741 2663 amanti
1771 2635 1871 2676 pec—

154 2705 250 2742 tore
281 2697 639 2755 proficiscuntur,
671 2698 719 2739 in
751 2698 931 2751 bonam,
966 2709 1143 2751 quaeso,
1175 2698 1348 2751 partem
1380 2693 1671 2750 accipiantur.
1726 2692 1872 2733 Deum

155 2787 206 2814 ac
236 2770 472 2814 ueritatem
506 2769 801 2825 diligentibus
831 2769 879 2809 in
909 2767 1079 2809 bonum
1110 2769 1405 2822 cooperantur
1437 2764 1601 2807 omnia.

302 2879 312 2898 ¹
338 2878 405 2913 Die
435 2876 556 2910 sieben
583 2878 719 2912 letzten
744 2876 872 2911 Worte
899 2884 968 2908 von
996 2873 1163 2908 Oanisius
1190 2872 1256 2907 auf
1280 2873 1359 2907 dem
1385 2872 1515 2909 Raude
1540 2870 1824 2914 nachgetragen.

959 3006 1063 3110 «ἔ
