2148 3402
523 182 564 216 R.
592 186 638 218 st,
667 182 768 217 1586.
819 181 971 217 Scholae
998 179 1155 214 Gramm.
1185 181 1222 212 et
1247 178 1354 212 Hum.
1695 167 1778 209 187

218 301 423 344 Dimidia
462 304 754 343 exerceantur
798 298 1077 341 breuioribus
1119 297 1332 339 thematis
1372 301 1629 353 extemporn
1662 311 1779 338 com-
1802 295 1986 355 ¹'‘²ggc'u.ma

77 373 310 431 ponendiS‚
351 388 465 428 quae
497 372 743 428 aliquando
777 371 832 413 ab
864 370 1067 427 ipsismet
1098 370 1246 425 pueris
1280 384 1325 409 se
1345 367 1540 409 vicissim
1564 368 1781 408 lacessen-
1817 366 2028 398 ¹¹'’¹¹’⁰¹'⁵‘¹⁵³⁸¹'”·

78 445 199 487 tibus
222 443 515 501 proponenda
536 447 654 485 sunt.
709 443 865 484 Altera
897 440 1088 482 dimidia
1120 439 1371 482 declinetur
1402 438 1581 495 partim,
1615 438 1779 494 partim

78 516 362 571 coniugetur.

218 588 528 629 Exerceantur
559 586 607 627 in
639 585 824 627 Graecis
855 583 1062 641 expedite
1094 584 1315 638 legendis:
1350 586 1498 639 posset
1529 586 1573 623 et
1605 580 1776 636 aliquid
1795 577 2066 646 Ufssffiiissri‘d'ssiii‘f‘a

78 658 242 715 exponi
274 658 328 700 de
350 657 687 700 Grammaticae
710 658 908 698 Graecae
929 655 1197 697 rudimentis
1226 654 1423 697 breuiter
1455 669 1506 695 ac
1537 652 1781 709 perspicue.

78 729 215 771 Pueri
247 729 445 783 tandem,
479 733 531 772 Vt
564 744 590 771 a
622 728 844 785 principio
864 727 1035 769 Latino
1063 726 1257 768 sermoni
1289 728 1562 779 assuescant,
1595 738 1695 765 cum
1729 722 1783 763 de

79 800 395 842 communibus
427 800 572 854 rebus,
606 804 650 842 et
680 815 793 855 quae
825 799 871 841 in
905 798 1170 855 quotidiano
1203 812 1341 854 prope
1360 811 1444 839 vsu
1466 795 1639 852 positae
1662 797 1782 848 sunt,

78 872 431 927 interrogantur,
465 872 629 914 Latine
660 872 998 926 interrogentur
1033 874 1078 912 et
1111 869 1425 926 respondeant.
1477 866 1608 918 Quod
1638 866 1783 907 multo

80 943 345 999 diligentius
377 943 425 985 in
458 943 764 1000 superioribus
796 942 1015 985 classibus
1046 941 1317 983 seruandum
1351 943 1430 980 est.

435 1087 737 1137 Secundae
777 1088 1001 1137 Classis
1041 1087 1248 1135 inferior
1288 1085 1424 1134 ordo.

222 1193 312 1234 Hic
353 1193 624 1249 appendices
660 1193 797 1250 primi
842 1192 1017 1248 generis
1057 1191 1377 1233 intransitiuae
1421 1186 1785 1240 constructionis,
1808 1186 2102 1246 Rk'ff'np‘gffif‘fgffnssffl

80 1269 125 1306 et
156 1279 309 1307 omnes
340 1265 652 1306 Personalium
685 1270 818 1320 atque
838 1263 1213 1321 Impersonalium
1234 1262 1475 1305 verborum
1497 1260 1660 1301 classes
1682 1273 1783 1299 cum

81 1335 419 1377 constructione
452 1336 582 1378 verbi
614 1336 798 1390 infiniti,
832 1340 877 1377 et
910 1335 1107 1389 casibus⁷
1142 1334 1219 1390 qui
1252 1332 1462 1375 omnibus
1495 1330 1648 1373 verbis
1679 1332 1785 1370 sunt

81 1422 353 1461 communes,
387 1407 482 1448 sine
511 1408 617 1449 ullis
637 1407 962 1464 appendicibus
992 1410 1301 1462 exponantur:
1335 1417 1512 1445 necnon
1543 1406 1588 1443 et
1619 1415 1785 1456 genera

81 1478 341 1520 Nominum.
406 1479 723 1535 Explicabitur
753 1480 890 1521 etiam
922 1478 1103 1520 facilior
1135 1476 1299 1532 aliquis
1331 1475 1446 1518 liber
1472 1473 1783 1531 Epistol-arum

82 1550 143 1591 M.
177 1549 332 1606 Tullij,
365 1554 417 1592 vt
448 1549 545 1605 xiij.
578 1554 623 1592 et
654 1550 769 1606 xiiij.

472 1694 716 1743 Horarum
758 1695 938 1744 diuisio
978 1697 1027 1743 in
1068 1696 1162 1744 hoc
1203 1694 1391 1742 ordine.

222 1799 426 1841 Dimidia
458 1799 717 1842 memoriter
747 1800 962 1843 recitetur
991 1800 1125 1842 lectio
1146 1800 1359 1842 Tulliana
1391 1814 1481 1840 vna
1512 1813 1615 1839 cum
1635 1796 1785 1839 Verbo
1806 1793 2048 1855 fflfflg'e‘ffiffi'jssa·

82 1885 172 1912 vno
217 1886 296 1913 seu
325 1871 520 1913 Nomine
560 1871 825 1914 difficiliore.
894 1872 1054 1914 Altera
1091 1871 1281 1914 dimidia
1318 1869 1571 1927 explicetur
1609 1867 1783 1924 aliquid

83 1956 139 1983 ex
169 1942 419 1998 praeceptis
441 1943 790 1998 Grammaticae7
822 1959 935 1999 quae
968 1943 1024 1985 ad
1056 1943 1174 1985 hanc
1207 1942 1405 1984 scholam
1430 1940 1659 1998 pertinent
1679 1954 1782 1980 cum

83 2012 394 2069 exltemporali
414 2013 686 2056 Thematum
720 2015 1027 2069 conuersione,
1059 2019 1104 2056 et
1126 2029 1214 2070 quo
1238 2014 1310 2055 die
1331 2012 1449 2055 nihil
1468 2027 1521 2054 ex
1544 2013 1781 2054 Gramma·
1804 2037 1831 2060 p.
1845 2027 1906 2052 279.

82 2083 176 2125 tica
214 2084 531 2140 exponendum
571 2086 788 2141 occurrit,
826 2086 1036 2129 hesterna
1073 2086 1207 2128 lectio
1245 2086 1305 2127 M.
1338 2083 1478 2140 Tullij
1519 2098 1621 2125 cum
1661 2097 1784 2124 exer-

81 2154 297 2197 citatione
326 2160 567 2212 repetatur.

225 2227 543 2284 Explicabitur
560 2228 713 2271 Cicero
727 2244 804 2286 per
826 2229 1125 2285 quadrantem
1148 2229 1326 2271 circiter
1347 2227 1503 2270 eodem
1523 2226 1616 2267 fere
1636 2224 1783 2278 modo,
1805 2223 2048 2284 mjfifeulffgssanw

85 2296 162 2352 qui
201 2298 420 2354 superiori
458 2300 608 2341 ordini
645 2301 822 2342 Tertiae
863 2301 1016 2343 classis
1054 2300 1351 2358 praestitutus
1390 2298 1498 2352 fuit,
1536 2297 1626 2339 nisi
1663 2295 1783 2351 quod

85 2366 159 2409 hic
197 2368 328 2424 plura
374 2376 615 2427 suppetent
653 2372 987 2414 Grammaticae
1032 2375 1290 2429 praecepta,
1339 2385 1453 2426 quae
1497 2369 1617 2410 inter
1661 2381 1786 2423 prae-

84 2438 327 2494 legendum
360 2441 552 2484 indicari
582 2447 770 2499 possunt
802 2447 847 2485 et
877 2443 1001 2498 exigi
1032 2443 1150 2485 inter
1177 2442 1486 2500 repetendum,
1520 2454 1635 2497 quae
1662 2452 1784 2479 exer-

86 2508 263 2565 citatio,
303 2512 411 2567 quia
441 2513 574 2555 Valde
606 2514 733 2556 Vtilis
765 2520 850 2569 est⁷
885 2515 1110 2570 reliquum
1147 2514 1284 2556 horae
1316 2516 1503 2569 occupet
1533 2515 1578 2553 et
1608 2511 1657 2552 in
1689 2525 1785 2551 cae-

88 2581 192 2622 teris
237 2582 374 2624 etiam
423 2584 639 2627 classibus
684 2591 984 2628 conseruetur.
1063 2586 1157 2628 Sub
1204 2586 1341 2627 finem
1386 2584 1543 2625 thema
1589 2582 1784 2624 dictetur

87 2651 217 2695 iuxta
249 2654 583 2697 Grammaticae
615 2671 821 2711 canones,
854 2672 966 2712 quos
994 2657 1041 2698 in
1075 2656 1171 2698 dies
1201 2656 1331 2713 pueri
1364 2655 1567 2698 audiunt.

228 2724 419 2767 Strenue
457 2732 644 2769 vacetur
683 2728 967 2770 inflectendis
1001 2728 1184 2783 Verbis,
1223 2731 1514 2782 cureturque‚
1557 2740 1632 2779 ne,
1672 2738 1786 2780 quae
1803 2719 2068 2782 ξιιιῐῑξξζζξζξξὲξῇξζζξὃ

88 2808 141 2835 ex
172 2795 385 2838 Partibus
417 2798 635 2840 orationis
668 2799 969 2853 edidicerunt,
1011 2799 1356 2853 obliuiscantur3
1397 2801 1503 2839 sunt
1533 2796 1655 2838 enim
1686 2809 1784 2851 per-

88 2866 281 2908 multum
310 2867 366 2908 ad
397 2869 778 2912 constructionem
808 2870 1071 2913 necessaria.

229 2937 433 2980 Dimidia
470 2940 718 2982 recitentur
754 2941 1012 2982 memoriter
1041 2945 1280 2998 praecepta
1312 2939 1646 2982 Grammaticae
1678 2951 1779 2979 cum

90 3005 269 3053 Verbis:
317 3014 369 3051 vt
401 3010 535 3052 simul
568 3011 745 3053 discant
776 3026 929 3054 eorum
960 3012 1232 3066 Praeterita,
1274 3012 1448 3069 Supina
1479 3015 1524 3054 et
1556 3008 1782 3067 significa-

91 3075 246 3121 tiones.
309 3080 471 3124 Altera
504 3081 693 3125 dimidia
725 3082 1019 3127 emendentur
1050 3083 1264 3129 themata,

1826 2933 1924 2957 Prima
1945 2933 2016 2957 hora

1819 2969 2030 3001 pomeridiana-
