2089 3381
631 163 673 198 R.
700 168 744 198 st.
774 164 874 197 1586.
912 160 1254 196 Commentariolus.
1724 147 1780 192 43

87 283 257 326 1001111111
289 298 452 324 nomen
485 299 540 325 ex
573 282 824 335 concordia,
859 296 993 337 quam
1026 280 1239 337 quicquid
1278 279 1528 320 discordia-e
1570 280 1782 335 pollicen-

86 357 180 395 tur:
230 353 286 395 ob
330 368 441 408 quas
481 367 572 394 11011
604 367 704 394 raro
745 352 921 405 accidit,
968 356 1019 393 vt
1057 366 1150 393 non
1184 350 1333 391 minus
1370 350 1524 390 Nostri
1565 349 1684 391 inter
1723 366 1782 403 se,

90 439 225 480 quam
270 439 371 466 cum
422 424 617 466 externis
658 427 877 480 pugnent,
924 426 1001 464 aut
1040 422 1176 463 etiam
1218 422 1416 476 grauius,
1459 436 1558 462 cum
1600 426 1777 462 externa

86 508 411 549 nonnunquam
444 494 728 547 admiremur,
760 493 981 535 nostratia
1013 492 1319 534 fastidiamus:
1358 492 1504 534 aliena
1544 493 1676 548 plane
1715 507 1783 533 res

88 571 186 607 111111
219 580 244 606 0
277 566 464 608 consilio
498 571 542 607 et
572 564 850 620 cogitatione
883 564 1155 606 Fundatoris
1194 564 1350 617 nostri,
1395 569 1492 605 tum
1527 579 1551 605 a
1583 562 1784 617 Religio-

86 651 236 679 sarum
284 637 485 678 omnium
532 636 808 678 familiarum
857 635 1200 677 consuetudine:
1249 650 1351 678 cum
1392 634 1652 692 praesertim
1692 648 1779 674 11011

86 722 186 749 1010
218 707 436 764 opinandi
469 707 711 749 diuersitas
742 707 790 748 in
810 707 1099 749 voluntatum
1132 707 1267 748 etiam
1300 706 1577 748 simultatem
1610 705 1783 747 deriue-

90 783 165 820 tur
205 779 414 834 dicatque
455 778 593 820 alius:
646 792 756 833 „ego
795 793 894 819 sum
933 778 1142 834 Apollo“,
1192 778 1308 820 alius
1351 792 1476 820 vero:
1528 790 1638 833 „ego
1686 791 1784 817 sum

90 850 310 906 Cephae‘fl
389 849 489 898 Qua
535 848 732 905 pernicie
777 864 879 890 cum
920 849 1064 890 maior
1100 849 1228 890 nulla
1267 849 1338 902 sit,
1388 848 1603 890 libentius
1640 848 1784 889 multo

86 920 269 962 ferenda
301 925 367 962 est
399 920 554 976 aliqua
586 920 816 962 doctrinae
849 919 1038 973 iactura,
1070 935 1205 975 quam
1237 920 1526 973 concordiae3
1561 924 1606 960 et
1626 919 1663 960 si
1683 919 1786 960 dili-

85 996 242 1047 genter
272 992 548 1045 attendatur,
583 991 640 1033 ad
672 991 873 1032 instituti
904 991 1047 1033 nostri
1070 1006 1254 1048 scopum
1277 992 1422 1033 multo
1445 993 1591 1047 magis
1614 990 1787 1033 confert

86 1063 320 1106 vinculum
351 1063 476 1120 pacis
508 1068 552 1104 et
584 1063 736 1104 vnitas
769 1062 1034 1116 animorum,
1070 1078 1206 1118 quam
1239 1062 1417 1104 modica
1452 1062 1672 1118 quaedam
1711 1061 1787 1103 do-

86 1135 256 1177 ctrinae
302 1134 494 1176 accessio
526 1139 595 1176 tot
641 1135 811 1176 iactata
857 1134 1225 1176 contentionibus
1264 1169 1272 1177 .
1305 1134 1485 1176 tametsi
1533 1133 1785 1175 doctrinam

86 1206 222 1248 etiam
254 1205 504 1248 uberiorem
539 1210 582 1247 et
614 1205 862 1247 faciliorem
901 1205 1078 1261 copiam
1118 1220 1446 1261 numerumque
1486 1205 1786 1262 professorum

86 1277 326 1320 concordia
356 1276 489 1319 nobis
521 1277 716 1319 allatura
747 1277 818 1330 sit,
859 1276 895 1318 51
929 1277 1121 1332 quilibet
1158 1291 1250 1318 non
1289 1276 1338 1318 in
1376 1291 1505 1318 suum
1547 1275 1786 1331 quendam,

86 1349 162 1391 sed
202 1349 251 1390 in
291 1363 575 1391 communem
617 1348 811 1404 aliquem
852 1363 1011 1403 agrum
1044 1348 1157 1389 bene
1190 1348 1427 1390 colendum
1473 1347 1674 1390 conferat
1718 1346 1786 1387 111-

87 1419 326 1462 dustriam:
361 1424 517 1461 contra
533 1435 639 1462 vero
669 1421 673 1475 Ι
701 1419 817 1461 nihil
838 1419 970 1475 plane
1000 1419 1123 1472 certi,
1156 1419 1274 1461 nihil
1293 1419 1426 1461 solidi
1449 1418 1496 1460 in
1517 1419 1783 1460 Nostrorum
1824 1444 1845 1459 1.
1866 1435 1909 1459 2..

88 1491 293 1533 doctrina
333 1506 427 1532 esse
465 1496 625 1547 potest,
674 1491 723 1542 si,
772 1505 886 1546 (11100
924 1505 1041 1532 vnus
1084 1489 1257 1543 statuit,
1307 1489 1423 1531 alter
1469 1489 1646 1541 euertit,
1693 1503 1785 1530 non

87 1563 207 1618 quod
238 1577 410 1618 semper
442 1562 626 1603 meliora
659 1561 944 1617 cogitauerit,
985 1561 1061 1603 sed
1093 1576 1149 1602 ne
1183 1560 1319 1602 alieni
1349 1560 1520 1616 ingenij
1555 1574 1687 1616 opera
1720 1559 1788 1600 vi-

87 1633 246 1676 deatur
276 1632 528 1690 profecisse.
591 1633 827 1674 Interdum
874 1633 1012 1674 etiam
1058 1632 1174 1673 nihil
1217 1632 1365 1684 refert,
1413 1631 1557 1673 istone
1596 1646 1654 1672 an
1697 1630 1786 1672 alio

87 1703 220 1746 modo
253 1718 321 1745 res
353 1708 601 1756 statuatur3
649 1703 725 1745 sed
762 1704 869 1745 dum
902 1703 1049 1746 alieno
1082 1703 1304 1759 praesidio
1338 1702 1543 1758 indigere
1575 1702 1786 1744 nolumus

87 1775 245 1829 videri,
277 1774 476 1817 fructum
509 1775 649 1817 alium
679 1789 794 1832 pene
830 1775 1006 1816 nullum
1045 1790 1099 1816 ex
1140 1788 1259 1816 nouo
1297 1774 1450 1816 labore
1491 1778 1785 1829 reportamus,

87 1861 223 1901 quam
275 1845 611 1888 dissensionem.
707 1846 944 1903 Sapienter
1004 1845 1147 1901 igitur
1209 1845 1441 1887 doctrinae
1494 1845 1786 1887 conformitas

87 1917 253 1958 nostris
287 1917 701 1959 Constitutionibus
733 1917 1087 1961 commendatur.
1151 1917 1349 1958 Tametsi
1388 1921 1485 1958 tum
1518 1922 1570 1958 vt
1613 1916 1786 1971 aliquid

87 1987 400 2043 indulgeretur
431 1988 640 2044 ingenijs,
672 1992 771 2029 tum
801 1988 907 2044 quia
928 2003 1257 2044 nonnunquam
1281 1987 1331 2028 in
1352 1993 1592 2043 Vtramque
1614 1991 1786 2043 partem

89 2058 241 2114 aequis
272 2073 411 2116 prope
441 2059 716 2115 ponderibus
748 2059 914 2101 veritas
946 2059 1106 2101 iactari
1137 2063 1298 2115 potest,
1345 2063 1445 2100 tum
1482 2073 1538 2100 ne
1577 2058 1786 2114 publicae

90 2129 420 2186 disputationes
457 2130 671 2172 restincto
718 2130 1024 2187 pugnantium
1073 2130 1228 2171 ardore
1274 2129 1629 2185 languescerent,
1679 2129 1787 2170 satis

89 2215 256 2257 magna
294 2201 419 2243 varie
456 2201 682 2244 sentiendi
720 2201 904 2243 libertas
945 2201 1236 2258 permittitur,
1283 2200 1337 2242 de
1377 2214 1465 2256 qua
1504 2202 1638 2256 paulo
1683 2204 1788 2242 ante

90 2272 260 2314 dictum
293 2278 372 2314 est.

232 2344 363 2392 Quod
394 2359 498 2385 vero
533 2344 587 2386 de
611 2345 656 2386 S.
679 2344 852 2386 Thoma
883 2359 962 2400 per
994 2344 1145 2385 omnia
1176 2343 1403 2399 sequendo
1436 2343 1699 2396 addebatur,
1733 2357 1788 2383 ex

91 2414 507 2457 Constitutionibus
558 2429 649 2457 non
705 2415 919 2469 habetur,
978 2415 1177 2472 praelegi
1234 2430 1431 2470 namque
1489 2415 1532 2456 S.
1569 2414 1788 2455 'rhomam

89 2485 261 2539 iubent,
294 2490 496 2527 autorem
527 2501 648 2540 vero,
686 2501 819 2541 quem
850 2486 1163 2543 praelegimus,
1198 2491 1249 2527 vt
1280 2485 1527 2542 plurimum
1559 2484 1685 2540 sequi
1718 2498 1787 2525 so—

90 2556 254 2608 lemus3
287 2571 379 2598 non
410 2562 476 2598 est
507 2557 616 2598 item
647 2572 837 2611 necesse,
864 2562 917 2599 vt
936 2557 985 2598 in
1015 2557 1236 2600 omnibus.
1301 2556 1424 2605 Quin
1444 2561 1489 2598 et
1510 2555 1789 2598 contrarium

92 2626 353 2682 significant
396 2628 765 2679 Constitutiones,
814 2629 978 2683 quibus
1022 2629 1234 2684 amplecti
1274 2628 1482 2670 iubemur
1519 2626 1788 2669 securiorem

94 2702 140 2739 et
184 2697 331 2753 magis
378 2698 672 2754 approbatam
721 2699 972 2741 doctrinam
1016 2705 1061 2740 et
1110 2704 1303 2753 autores,
1350 2699 1429 2754 qui
1468 2713 1568 2740 eam
1611 2697 1786 2739 docent.

92 2768 239 2810 Docet
281 2783 378 2810 eam
422 2769 604 2823 quidem
642 2770 684 2811 S.
725 2770 920 2812 Thomas
958 2776 1010 2811 vt
1052 2770 1314 2826 plurimum,
1363 2784 1456 2811 non
1500 2783 1674 2825 semper
1723 2773 1789 2808 ta-

94 2853 210 2893 men,
245 2844 290 2880 et
319 2840 540 2881 nonnulla
581 2841 717 2896 longe
757 2841 964 2897 pluribus
1002 2856 1094 2882 non
1124 2841 1387 2897 probantur.
1453 2840 1524 2881 Ad
1555 2839 1788 2880 illustran-

95 2909 202 2951 dum
235 2910 377 2965 igitur
416 2910 578 2966 potius,
619 2927 754 2967 quam
793 2912 850 2954 ad
882 2912 1176 2954 obterendum
1218 2911 1459 2953 Societatis
1497 2925 1659 2952 nomen
1692 2923 1789 2964 per-

95 2979 242 3021 tinere
272 2980 455 3022 videtur
483 2981 594 3023 haec
625 2981 833 3035 formula,
862 2997 962 3024 cum
1000 2982 1116 3024 nihil
1146 2982 1271 3024 aliud
1294 2982 1537 3034 contineat,
1560 2994 1695 3035 quam
1716 2979 1788 3021 vel

97 3049 142 3092 S.
164 3049 384 3093 Thomam
420 3051 560 3108 probe
594 3051 891 3108 intellectum,
932 3053 1011 3109 qui
1048 3053 1203 3096 afferet
1237 3052 1403 3110 potiuS,
1442 3066 1579 3107 quam
1617 3049 1789 3092 auferet
