2148 3402
629 203 674 238 R.
699 206 745 238 st.
762 201 862 237 1586.
912 199 1080 235 Studium
1105 198 1234 243 philos.
1697 186 1780 230 137

87 337 276 366 examen
307 322 498 379 cogendi
528 336 620 365 non
651 322 756 375 sint,
796 319 885 362 nisi
921 318 1079 372 velint,
1113 332 1166 359 ex
1198 317 1375 359 Nostris
1406 331 1511 359 vero
1541 316 1779 359 Fratribus

87 393 160 437 vel
189 393 399 436 Alumnis
430 393 501 435 vel
535 390 880 435 Conuictoribus
911 388 1061 431 nullus
1101 387 1325 430 ordinarie
1363 387 1418 430 ab
1460 386 1545 429 hoc
1576 387 1780 429 examine

88 464 350 521 excipiatur,
382 463 460 506 sed
491 478 643 506 omnes
675 475 825 504 seuere
856 458 1177 502 examinandos
1218 473 1263 500 se
1301 473 1393 500 esse
1424 458 1696 513 intelligant,
1728 463 1781 501 vt

88 534 232 592 inepti
263 535 570 577 deterreamur
609 548 636 575 a
666 530 978 588 Philosophia,
1020 530 1116 587 apti
1154 544 1259 572 vero
1298 530 1443 586 magis
1482 529 1782 571 accendantur

89 605 145 648 ad
177 605 397 660 studium3
437 609 570 648 erunt
602 602 928 646 examinatores
967 601 1054 643 duo
1088 615 1189 642 cum
1221 599 1476 655 Praefecto,
1524 603 1603 642 aut
1646 600 1782 641 etiam

92 676 254 734 plureS,
285 676 323 718 si
353 675 481 718 cuius
512 673 782 717 Academiae
821 687 917 715 mos
948 671 997 714 id
1036 671 1207 727 exigat:
1246 685 1388 727 neque
1432 685 1602 727 semper
1632 669 1783 726 ijdem,

90 746 180 802 sed,
212 751 265 789 vt
297 760 409 789 onus
440 745 674 788 diuidatur
705 745 752 787 in
782 745 945 801 plures,
985 742 1129 785 aderit
1175 756 1347 798 semper
1397 756 1499 784 cum
1545 740 1782 784 Praefecto

89 819 360 874 Praeceptor
391 817 609 874 proprius,
643 815 802 858 tertius
833 829 938 857 vero
970 813 1171 857 vicissim
1193 816 1505 867 commutetur,
1540 811 1783 854 dummodo

90 889 151 931 sit
181 887 344 944 aliquis
375 886 618 940 Professor,
651 890 730 929 aut
761 889 876 928 certe
906 883 1182 940 Theologiae
1222 883 1447 926 studiosus
1480 897 1530 925 eo
1561 883 1659 925 loco
1691 897 1783 924 non

88 959 317 1015 indignus.
378 958 600 1000 Alumnos
641 972 748 1001 vero
793 971 868 999 seu
905 955 1181 998 conuictores
1219 954 1336 1011 saltis
1377 957 1442 995 est
1473 953 1720 996 examinari
1751 967 1777 995 a
1798 978 1826 1001 p.
1844 971 1903 996 191.

89 1045 169 1073 suo
194 1028 427 1072 Praefecto
459 1033 502 1072 et
524 1029 698 1072 duobus
722 1026 1042 1084 Philosophiae
1068 1025 1423 1082 RepetitoribuS,
1456 1029 1547 1079 aut,
1580 1024 1619 1066 si
1649 1024 1680 1080 ij
1710 1023 1782 1066 de-

89 1100 272 1155 fuerint,
304 1114 330 1142 a
360 1099 717 1157 prouectioribus
749 1098 923 1141 duobus
953 1097 1226 1153 Theologiae
1258 1096 1560 1141 auditoribus:
1600 1095 1782 1138 tametsi

91 1171 170 1228 qui
190 1171 247 1214 ad
269 1175 420 1213 actum
440 1170 715 1213 videbuntur
733 1169 899 1224 idonei,
922 1167 1184 1226 priusquam
1208 1167 1264 1210 ad
1291 1183 1392 1210 eum
1413 1182 1505 1209 sese
1527 1167 1781 1222 accingant,

90 1241 258 1300 proprij
292 1256 468 1298 quoque
500 1240 809 1298 Praeceptoris
840 1245 885 1282 et
915 1239 1167 1281 studiorum
1199 1238 1420 1281 Praefecti
1453 1237 1687 1281 Generalis
1717 1238 1783 1280 iu-

91 1313 207 1356 dicio
253 1317 401 1355 essent
447 1312 681 1370 probandi.
743 1312 887 1354 Duret
931 1324 1119 1352 examen
1165 1310 1448 1365 singulorum
1496 1324 1588 1351 non
1633 1308 1783 1351 minus

91 1384 265 1427 duabus
295 1383 436 1428 horis:
470 1398 606 1439 quare
637 1382 794 1425 statim
815 1386 917 1439 post
935 1381 1110 1423 Pascha
1127 1381 1246 1437 tertij
1266 1381 1374 1423 anni
1395 1385 1545 1438 posset
1564 1379 1781 1433 inchoari,

91 1454 345 1497 distributis
377 1454 547 1497 dierum
579 1452 838 1510 praesertim
876 1452 1094 1494 festorum
1132 1452 1306 1494 vicibus
1345 1466 1394 1494 eo
1433 1451 1609 1507 ordine,
1649 1465 1782 1507 quem

90 1525 269 1579 Rector,
303 1524 457 1567 audito
489 1524 712 1567 Praefecti
755 1529 799 1567 et
831 1523 1140 1580 Praeceptoris
1177 1523 1343 1580 proprij
1379 1523 1586 1577 consilio,
1632 1522 1784 1564 existi-

90 1595 283 1638 mauerit
315 1595 675 1638 commodiorem.
739 1595 935 1652 Expedit
967 1600 1131 1648 autem,
1164 1600 1216 1637 vt
1248 1609 1327 1651 per
1359 1609 1511 1636 omnes
1544 1593 1783 1650 primarias

91 1666 302 1709 materias
334 1667 415 1708 fiat
445 1681 648 1710 examen:
680 1667 782 1709 illas
813 1681 918 1709 vero
950 1666 1206 1709 Praefectus
1238 1665 1390 1708 eodem
1429 1665 1500 1707 die
1539 1665 1610 1707 vel
1641 1664 1784 1720 pridie

92 1737 332 1780 distribuet
363 1737 757 1791 examinatoribus,
790 1753 845 1780 ne
876 1738 923 1780 in
944 1738 1119 1780 easdem
1143 1742 1423 1791 concurrant,
1456 1741 1535 1778 aut
1556 1736 1784 1791 grauiores

92 1807 264 1863 aliquas
296 1808 679 1865 praetermittant3
714 1812 758 1850 et
790 1808 1014 1850 ordinarie
1047 1808 1228 1864 quidem
1258 1823 1326 1850 res
1349 1818 1507 1863 agetur
1538 1822 1616 1864 per
1646 1806 1784 1848 inter-

90 1878 359 1934 rogationeS,
391 1883 442 1921 vt
472 1883 636 1921 natura
667 1879 886 1921 examinis
917 1881 1136 1936 postulat:
1168 1879 1502 1921 admisceantur
1534 1883 1686 1920 tamen
1717 1879 1783 1920 in-

93 1949 270 1991 terdum
317 1949 542 1992 breuiores
590 1950 809 2006 quaedam
848 1951 1280 2007 argumentationes,
1327 1951 1490 2006 quibus
1528 1950 1784 2005 exploretur

94 2020 238 2076 magis
277 2021 586 2077 respondentis
630 2021 877 2076 ingenium.
940 2024 1081 2065 Actus
1135 2026 1283 2064 autem
1331 2027 1480 2064 totum
1520 2021 1782 2063 Scholarum

95 2097 268 2148 tempus
301 2096 499 2148 occupet,
534 2107 636 2134 cum
668 2092 920 2148 minimum,
952 2094 1027 2136 vel
1059 2108 1189 2135 mane
1222 2094 1292 2135 Vel
1326 2108 1352 2134 a
1372 2092 1584 2149 prandio:
1618 2107 1725 2133 nam
1747 2091 1780 2133 si

94 2163 312 2205 breuioris
349 2163 486 2204 fuerit
518 2164 749 2220 temporis,
789 2164 904 2205 nihil
942 2164 1128 2207 habebit
1160 2164 1419 2219 dignitatis,
1453 2179 1534 2205 nec
1565 2178 1782 2218 magnum

95 2233 171 2275 fiet
190 2233 360 2290 ingenij
385 2234 644 2290 periculum,
665 2249 747 2276 nec
765 2235 853 2276 nisi
875 2250 1042 2291 paucae
1064 2236 1232 2291 attingi
1253 2239 1465 2291 poterunt
1483 2234 1782 2290 quaestiones:

94 2320 237 2360 neque
258 2319 362 2347 vero
382 2305 428 2346 id
447 2305 650 2347 futurum
671 2310 736 2347 est
756 2307 938 2348 caeteris
960 2308 1092 2349 rebus
1108 2307 1457 2361 incommodum,
1481 2306 1586 2362 quia
1604 2306 1784 2362 paucis-

96 2376 199 2418 simi
227 2376 370 2418 futuri
402 2381 519 2431 sunt,
552 2377 630 2432 qui
661 2382 788 2419 tanto
809 2382 1038 2434 praestent
1068 2378 1250 2434 ingenio
1289 2383 1333 2420 et
1364 2378 1581 2431 doctrina,
1615 2382 1666 2419 vt
1701 2377 1784 2418 hoc

97 2451 201 2489 actu
222 2447 350 2502 digni
372 2452 648 2490 censeantur:
684 2448 843 2503 quodsi
864 2449 1110 2506 complures
1132 2449 1315 2502 fuerint,
1338 2454 1389 2491 vt
1411 2453 1511 2490 octo
1534 2449 1607 2490 vel
1630 2448 1780 2489 decem

97 2518 169 2561 vel
200 2533 250 2559 00
282 2519 441 2574 plures,
474 2533 649 2560 necesse
678 2533 770 2560 non
801 2524 879 2573 est,
913 2525 964 2562 vt
996 2520 1148 2562 eadem
1180 2524 1348 2561 aestate
1388 2524 1454 2561 tot
1485 2524 1614 2560 actus
1645 2518 1781 2560 habe-

99 2593 244 2642 antur,
277 2589 352 2630 sed
382 2590 448 2630 ita
487 2589 770 2644 diuidantur,
809 2594 862 2632 vt
901 2590 988 2632 duo
1028 2590 1202 2632 circiter
1241 2591 1288 2631 in
1327 2590 1557 2647 aestaJtem
1599 2589 1777 2643 cadant,
1809 2613 1834 2634 v.
1862 2602 1918 2625 1:⁴2.

98 2660 286 2701 totidem
304 2659 394 2701 fere
414 2660 463 2701 in
483 2664 657 2717 tempus
676 2661 964 2703 vacationum
986 2662 1353 2703 Autumnalium:
1388 2661 1463 2716 alij
1488 2662 1536 2702 in
1555 2661 1781 2716 sequentis

99 2731 206 2772 anni
235 2735 437 2787 tempora
455 2731 797 2785 distribuantur,
817 2736 866 2774 vt
890 2732 938 2773 in
965 2732 1097 2775 ferias
1119 2734 1160 2775 N
1163 2733 1374 2785 atalitias,
1397 2733 1445 2774 in
1465 2732 1557 2774 dies
1580 2732 1780 2774 Baccha-

99 2802 284 2855 nalium,
317 2802 365 2844 in
396 2802 632 2845 Paschales
662 2803 917 2846 vacationes
961 2804 1128 2845 aliosue
1167 2804 1260 2845 dies
1297 2805 1444 2845 festos.
1507 2803 1599 2844 Nec
1630 2802 1778 2853 refert,

101 2871 138 2913 si
179 2876 273 2913 tam
315 2872 449 2927 longe
492 2872 819 2929 distrahantur,
863 2875 1104 2916 dummodo
1145 2891 1246 2916 011111
1284 2876 1435 2916 fructu
1476 2880 1520 2914 et
1556 2873 1780 2928 dignitate

103 2941 272 2997 singuli
303 2942 540 2984 obeantur:
580 2943 688 2985 fient
719 2945 853 2986 etiam
892 2946 989 3001 ipsa
1021 2946 1205 2987 raritate
1238 2946 1468 3001 gratiores
1531 2944 1780 2997 Argmnen-

101 3016 267 3055 tatores
296 3028 403 3055 vero
434 3018 525 3055 tres
556 3029 645 3056 esse
677 3020 852 3071 oportet
870 3016 989 3057 intra
1010 3016 1120 3057 duas
1142 3015 1285 3070 horas,
1318 3021 1362 3058 et
1384 3017 1578 3073 primum
1601 3015 1780 3070 quidem

104 3083 297 3140 aliquem
344 3099 397 3126 ex
444 3085 608 3127 nostris
651 3086 980 3129 Professoribus
1018 3087 1333 3144 Philosophiae
1378 3088 1447 3130 vel
1491 3085 1777 3140 Theologiae:
