2143 3462
212 639 238 662 p.
264 630 323 654 157.

247 2766 276 2788 p.
298 2758 358 2782 15¹5.

351 199 435 241 118
513 206 623 243 Ratio
651 206 855 242 studiorum
881 210 920 242 et
944 205 1201 241 institutiones
1228 203 1470 240 scholasticae
1497 203 1695 239 Societatis
1721 203 1811 239 Jesu
1838 203 1876 238 II

351 326 566 383 temporis
598 326 869 381 angustiam,
904 328 1127 380 quantum
1160 322 1257 365 fieri
1289 325 1449 379 potest.
1513 322 1705 364 Interim
1736 335 1842 364 vero
1876 335 2046 363 exerce-

351 403 485 440 antur
516 398 565 439 in
597 396 903 450 concionibus,
935 396 984 436 in
1015 394 1144 451 praxi
1168 395 1580 447 Sacramentorum,
1602 397 1685 435 etc.
1738 392 1959 448 Alioquin
1991 405 2046 432 ex

351 469 445 510 sola
484 466 778 523 Philosophia
832 465 890 507 ad
942 464 1192 506 animarum
1245 479 1399 506 curam
1451 464 1661 505 accedent
1710 463 1844 519 longe
1898 462 2048 504 minus

348 538 573 592 instructi,
608 553 742 593 quam
774 536 837 578 rei
870 534 1140 590 magnitudo
1172 534 1371 591 postulet
1403 539 1447 576 et
1480 549 1579 591 spes
1603 534 1780 577 Summi
1801 532 2050 586 Pontificis,

350 610 427 666 qui
461 625 511 651 ea
533 609 735 664 Collegia
769 607 912 649 erexit
945 621 995 648 ac
1028 610 1265 647 sustentat.
1317 605 1371 647 In
1393 604 1493 661 alijs
1521 606 1526 661 Ι
1556 604 1785 660 Collegijs,
1817 603 1866 645 in
1888 602 2051 659 quibus

350 681 398 722 id
430 680 526 722 fieri
558 694 650 721 non
681 682 841 735 potest,
874 692 957 718 nec
989 675 1157 731 legitur
1189 675 1453 731 Theologia,
1486 676 1621 718 lectio
1655 673 1929 718 Catechismi
1959 673 2052 715 Ro-

358 751 483 793 mani
527 751 600 792 vel
645 749 874 791 doctrinae
912 747 1062 788 Patris
1095 746 1279 802 Canisij,
1328 762 1441 803 quae
1480 747 1593 789 solet
1631 746 1789 789 haberi
1830 746 1880 787 in
1918 743 2054 786 sextis

357 822 493 878 ferijs,
526 821 747 863 habeatur
781 820 932 872 etiam,
966 823 1009 859 et
1043 817 1224 873 quidem
1255 819 1390 874 paulo
1422 818 1609 874 plenior,
1648 819 1696 859 in
1729 815 1981 859 Dominicis
2012 818 2056 856 et

359 893 500 946 festis,
552 896 603 934 ut
645 891 726 932 fiat
765 890 907 931 maior
944 903 1216 945 progressus
1262 915 1314 920 —
1352 889 1587 931 Hactenus
1627 889 1679 931 de
1712 885 2054 942 Controuersijs,

358 979 481 1005 nunc
514 963 570 1004 ad
604 960 917 1004 Conscientiae
952 961 1103 1002 Casus.

786 1328 865 1390 De
913 1325 1162 1390 Casibus
1209 1327 1640 1390 Conscientiae.

511 1461 581 1514 [1.]
617 1458 977 1500 Constitutiones
1009 1472 1138 1514 saepe
1170 1457 1488 1500 commendant
1520 1457 1720 1500 studium
1740 1459 1938 1501 Casuum
1964 1472 2067 1500 con-

370 1531 595 1585 scientiae,
617 1530 854 1587 praecipue
874 1544 979 1571 vero
1002 1529 1050 1571 in
1072 1530 1244 1573 4.Part.
1272 1530 1378 1585 Cap.
1396 1531 1435 1573 5.
1454 1530 1510 1571 D.
1534 1534 1577 1571 et
1597 1529 1774 1586 plenius
1797 1530 1904 1586 Cap.
1926 1532 1966 1574 8.
1983 1533 2065 1583 §.4

376 1604 456 1659 „In
488 1602 750 1655 ministerio,
783 1601 1011 1657 inquiunt,
1046 1601 1439 1644 sacramentorum
1472 1600 1762 1642 confessionis
1793 1604 1838 1643 et
1871 1615 2068 1643 commu-

370 1674 520 1716 nionis
554 1688 645 1714 sese
679 1677 928 1726 exerceant,
962 1677 1005 1714 et
1035 1686 1128 1713 11011
1160 1672 1306 1713 solum
1339 1672 1459 1728 quod
1492 1672 1547 1714 ad
1580 1672 1792 1728 ipsorum,
1825 1671 1902 1714 sed
1932 1672 2069 1714 etiam

373 1745 492 1801 quod
525 1745 581 1786 ad
612 1743 945 1800 poenitentium
978 1747 1022 1785 et
1061 1743 1492 1786 communicantium
1532 1743 1729 1785 officium
1769 1743 1978 1800 pertinet,
2016 1747 2069 1785 vt

375 1817 487 1859 bene
531 1821 575 1857 et
622 1815 800 1857 utiliter
847 1814 902 1856 ad
934 1814 1020 1856 Dei
1059 1814 1252 1870 gloriam
1292 1829 1342 1856 ea
1381 1815 1636 1872 percipiant
1679 1819 1723 1856 et
1769 1815 2069 1870 frequentent,

374 1892 655 1945 perspectum
687 1886 852 1928 habere
885 1890 1019 1941 atque
1053 1885 1213 1941 exequi
1246 1887 1443 1928 curent.“

518 1958 694 2000 Ibidem
725 1957 804 2000 D.:
873 1957 955 2011 „In
987 1956 1356 2012 confessionibus,
1395 1958 1623 2013 inquiunt,
1666 1962 1840 2015 praeter
1871 1956 2071 1999 studium

379 2029 710 2072 Scholasticum
759 2032 803 2070 et
844 2029 1039 2070 Casuum
1089 2029 1401 2083 conscientiae,
1450 2029 1713 2086 praesertim
1756 2028 2070 2084 restitutionis,

381 2100 617 2143 conueniet
661 2099 975 2156 compendium
1023 2099 1206 2154 aliquod
1253 2101 1447 2142 Casuum
1500 2105 1543 2142 et
1596 2101 1906 2154 Censurarum,
1960 2115 2073 2155 quae

380 2176 677 2225 reseruantur,
716 2171 893 2225 habere,
933 2175 984 2212 vt
1022 2170 1190 2226 videat,
1230 2186 1317 2226 quo
1358 2171 1592 2228 pertingat
1631 2171 1772 2228 ipsius
1808 2171 2073 2225 iurisdictio,

381 2249 424 2285 et
459 2243 592 2285 simul
625 2242 858 2295 formulas,
892 2257 1004 2297 quae
1036 2242 1184 2283 minus
1205 2243 1397 2284 vsitatae
1420 2247 1537 2295 sunt,
1572 2242 1869 2299 quarumdam
1900 2242 2076 2284 absolu-

382 2316 570 2368 tionum,
617 2329 730 2370 quae
769 2318 1025 2368 occurrunt,
1072 2328 1122 2355 ac
1165 2315 1348 2356 breuem
1387 2314 1695 2370 interrogandi
1728 2313 1990 2356 methodum
2022 2313 2076 2355 de

382 2385 577 2442 peccatis
610 2389 654 2426 et
686 2398 838 2425 eorum
870 2384 1089 2440 remedijS,
1124 2389 1168 2426 et
1198 2385 1544 2427 instructionem
1578 2385 1632 2427 ad
1664 2385 1776 2427 bene
1809 2400 1859 2426 ac
1884 2384 2076 2442 pruden-

382 2462 451 2497 ter
481 2457 529 2497 in
550 2455 745 2497 Domino
779 2455 872 2496 sine
905 2455 1070 2497 damno
1103 2470 1181 2497 suo
1214 2460 1258 2497 et
1289 2472 1390 2498 011111
1422 2457 1730 2513 proximorum
1760 2456 1961 2498 utilitate
1992 2455 2077 2498 hoc

385 2527 581 2568 officium
614 2525 926 2567 exercendum:
976 2531 1020 2568 et
1051 2527 1203 2582 aliqua
1235 2527 1513 2569 confessione
1546 2527 1704 2569 audita
1734 2527 1997 2584 praesertim
2029 2526 2078 2568 in

385 2597 632 2653 principijs,
667 2596 962 2638 confessarius
995 2598 1116 2654 apud
1149 2613 1194 2639 se
1226 2598 1488 2652 consideret,
1522 2613 1631 2640 num
1663 2598 1712 2640 in
1742 2614 1788 2641 re
1822 2599 1973 2688 aliqua
2004 2598 2076 2640 de-

387 2667 555 2720 fecerit,
588 2672 639 2708 vt
672 2668 719 2709 in
752 2672 982 2723 posterum
1015 2673 1184 2710 caueat.
1220 2696 1271 2700 —-

531 2739 597 2779 De
636 2738 789 2779 eodem
829 2752 1005 2794 quoque
1045 2740 1193 2782 studio
1235 2740 1408 2796 aliquid
1448 2742 1723 2798 praecipitur
1759 2741 1808 2783 in
1849 2740 2079 2784 Secundae

388 2809 764 2865 Congregationis
799 2810 1030 2851 Generalis
1065 2811 1173 2853 Can.
1212 2815 1276 2855 17.
1311 2817 1356 2854 et
1393 2812 1441 2853 in
1478 2812 1672 2855 formula
1704 2812 2079 2869 acceptandorum

388 2880 692 2935 Collegiorum
738 2879 847 2921 data
892 2895 917 2921 a
963 2881 1096 2922 Patre
1140 2882 1325 2938 Laynez
1358 2898 1401 2925 n.
1432 2886 1471 2927 3.
1505 2888 1551 2925 et
1582 2884 1630 2926 in
1661 2884 1853 2940 Regulis
1884 2882 2078 2925 Prouin-

388 2951 568 2993 cialium
602 2951 714 3005 Reg.
749 2953 818 3004 56,
860 2950 937 2991 vbi
978 2951 1040 2992 sic
1078 2951 1287 2994 habetur:
1353 2954 1469 3008 „Qui
1515 2960 1697 3011 propter
1743 2958 1936 2996 aetatem
1981 2967 2079 3010 pro-

387 3022 645 3074 uecticffem,
679 3025 756 3062 aut
789 3021 901 3062 alias
932 3036 1088 3063 causas
1121 3023 1167 3064 in
1199 3023 1494 3068 facultatibus
1528 3031 1572 3068 et
1593 3025 1882 3069 Scholasticis
1915 3022 2079 3079 studijs

388 3107 672 3150 progressum
704 3091 848 3133 facere
880 3106 971 3133 non
1002 3103 1206 3154 possunt,
1239 3097 1433 3152 curabit,
1468 3112 1523 3140 ne
1555 3097 1603 3139 in
1633 3097 1723 3139 illis
1755 3101 1930 3153 tempus
1960 3095 2080 3137 insu-
