2153 3467
57 541 129 565 Tuto
138 540 328 565 asservandae

194 753 326 778 &udices

91 1183 205 1207 «ludicii
228 1184 329 1205 torma.

150 1931 336 1961 resignanda.

118 2193 313 2217 praemiorum

127 2231 284 2260 apparatus

124 2619 312 2644 Distribuno.

342 199 426 239 376
530 206 639 242 Ratio
667 206 867 241 studiorum
893 211 931 242 et
957 207 1212 242 institutiones
1239 206 1490 242 scholasticae
1515 207 1713 243 Societatis
1739 209 1828 243 Jesu
1853 207 1891 242 II

344 325 526 378 reddat;
559 324 696 367 aliam
727 325 837 367 item
869 325 1086 381 chartam,
1120 328 1168 368 in
1200 341 1290 382 qua
1321 340 1424 367 cum
1454 324 1637 367 nomine
1659 329 1703 367 et
1725 326 1994 380 cognomine
2015 326 2075 368 sit

341 397 461 438 idem
494 397 675 451 signum
707 411 985 453 expressum,
1027 396 1270 452 diligenter
1302 397 1576 451 obseratam,
1618 411 1674 438 ne
1711 411 1875 438 nomen
1913 396 2075 454 inspici

346 469 501 524 possit,
534 466 678 509 eidem
709 467 875 510 tradat.

334 555 341 563 ·
485 538 524 583 ’7.
588 538 829 595 Gymnasii
862 539 1092 595 cujusque¹
1132 538 1394 581 Praefectus
1431 538 1583 581 omnia
1623 538 1776 582 sedulo
1808 543 1853 582 et
1885 539 2077 582 fideliter

343 614 560 663 asservet3
593 625 738 665 neque
771 609 951 652 chartas
982 611 1169 652 nomina
1201 609 1498 666 continentes,
1531 610 1794 668 priusquam
1826 610 1997 654 factum
2019 611 2079 654 sit

339 680 578 737 judicium,
611 681 824 736 resignet.

490 752 536 798 8.
598 752 784 796 Judices
816 757 907 794 tres
940 755 986 794 et
1009 752 1133 795 docti
1164 757 1210 795 et
1244 768 1418 809 graves,
1451 767 1641 810 quorum
1675 753 1838 809 aliquis
1870 758 2079 797 externus

346 840 441 867 esse
473 824 658 881 poterit,
692 824 730 865 si
761 823 851 865 loci
882 823 1082 880 postulet
1106 825 1396 879 consuetudo,
1430 825 1508 881 qui
1539 824 1757 879 nesciant,
1790 824 1915 881 cujus
1947 841 2080 881 quae-

346 911 431 952 que
463 895 523 938 sit
555 895 754 951 scriptio,
788 894 1061 950 deligantur.
1124 895 1208 949 Hi,
1239 896 1449 952 perlectis
1489 895 1698 939 omnibus
1739 896 1919 953 scriptis
1957 901 2002 939 et
2034 912 2079 939 re

345 967 586 1023 diligenter
607 966 824 1023 inspecta,
847 965 1045 1022 plurium
1067 967 1283 1023 suffragio
1307 982 1460 1010 omnes
1480 968 1636 1010 ordine
1653 967 1845 1010 victores
1862 972 1907 1010 et
1928 982 2081 1010 eorum

344 1040 519 1094 [1832.·
555 1038 643 1092 008]
684 1052 884 1093 quoque,
926 1037 1005 1093 qui
1044 1038 1101 1080 ad
1137 1039 1330 1082 victores
1368 1040 1571 1097 proxime
1612 1041 1908 1093 accesserunt,
1941 1054 2082 1082 unum

347 1113 428 1152 aut
459 1109 653 1151 alterum
684 1108 731 1150 in
763 1123 1033 1165 unoquoque
1066 1125 1229 1166 genere
1261 1111 1498 1153 declarent.

495 1181 541 1227 9.
604 1181 660 1222 Ι11
688 1180 873 1237 judicio,
906 1180 1032 1237 cujus
1064 1182 1222 1224 melior
1260 1183 1346 1225 erit
1385 1182 1603 1225 orationis
1641 1181 1810 1234 forma,
1850 1180 1888 1222 is
1926 1181 2084 1223 ceteris

348 1253 571 1307 omnibus,
612 1252 719 1294 licet
757 1252 890 1309 plura
927 1254 1124 1308 [etiamsi
1147 1254 1309 1309 plura]
1354 1253 1639 1310 scripserint,
1679 1252 1970 1296 anteferatur.
2033 1253 2084 1295 81

348 1324 425 1379 qui
457 1337 619 1379 genere
650 1322 749 1380 ipso
785 1327 829 1365 et
861 1324 980 1380 stylo
1011 1339 1140 1381 pares
1171 1324 1221 1366 in
1253 1324 1491 1368 scribendo
1524 1329 1671 1380 erunt,
1702 1326 1834 1382 plura
1864 1325 2085 1381 pauciori-

348 1396 433 1437 bus
466 1397 814 1451 anteponantur.
877 1395 928 1438 Si
958 1395 1007 1437 in
1038 1395 1123 1438 hoc
1156 1396 1293 1438 etiam
1325 1396 1417 1438 sint
1454 1410 1604 1453 pares,
1648 1395 1727 1452 qui
1759 1395 2086 1453 orthographia

347 1465 626 1524 praestiterit
658 1465 805 1508 victor
837 1465 908 1508 sit.
961 1467 1012 1509 81
1045 1466 1369 1524 orthographia
1399 1471 1444 1510 et
1476 1468 1664 1510 caeteris
1687 1467 1820 1510 rebus
1838 1482 1967 1524 pares
1988 1466 2084 1509 fue—

348 1538 453 1591 rint,
488 1537 541 1591 ei,
574 1537 653 1593 qui
684 1537 936 1593 elegantius
968 1539 1235 1595 expresserit
1273 1539 1506 1581 literarum
1537 1543 1690 1594 notas,
1723 1539 1974 1596 praemium
2006 1538 2083 1580 ad-

350 1609 589 1666 judicetur.
654 1608 701 1651 Si
734 1624 862 1666 pares
894 1610 1080 1652 omnino
1113 1612 1224 1665 sint,
1257 1611 1330 1653 vel
1362 1610 1595 1654 dividatur
1625 1611 1877 1668 praemium
1907 1610 1980 1652 vel
2012 1625 2085 1665 ge-

350 1682 560 1735 minetur,
593 1680 665 1724 vel
698 1684 815 1723 sorte
847 1681 1052 1724 ducatur.
1107 1682 1155 1724 Si
1176 1682 1275 1737 quis
1296 1682 1345 1724 in
1368 1682 1576 1725 omnibus
1598 1682 1839 1738 generibus
1861 1681 2087 1724 scribendi

351 1756 548 1794 caeteros
579 1751 762 1807 vicerit,
794 1752 834 1794 is
875 1753 1011 1795 etiam
1053 1753 1256 1796 omnium
1295 1768 1513 1809 generum
1550 1753 1750 1811 praemia
1790 1756 2087 1808 consequatur

347 1816 457 1873 [1832
489 1831 611 1865 addit:
647 1826 740 1867 nisi
768 1826 933 1867 alicubi
962 1826 1091 1867 obstet
1123 1825 1422 1883 consuetudo}

500 1896 576 1942 10.
639 1896 823 1939 Judioio
856 1895 1077 1953 perfecto,
1109 1897 1370 1939 Praefectus
1402 1911 1504 1939 cum
1542 1897 1737 1939 Rectore
1777 1899 1822 1938 et
1853 1894 2087 1938 Praefecto

348 1967 549 2023 generali
582 1968 774 2022 chartas,
806 1968 855 2010 in
886 1968 1049 2024 quibus
1071 1968 1258 2010 nomina
1279 1969 1550 2011 certantium
1572 1983 1674 2010 cum
1695 1967 1838 2023 signis
1864 1966 2090 2023 adscripta

349 2043 497 2093 erunt,
529 2039 740 2094 resignet,
772 2039 959 2081 nomina
989 2039 1214 2082 victorum
1247 2056 1269 2082 e
1303 2039 1446 2096 signis
1487 2039 1743 2095 diligenter,
1775 2054 1831 2080 ne
1862 2041 1990 2091 erret,
2022 2037 2089 2079 in—

350 2109 558 2166 vestiget,
592 2110 779 2166 cognita
809 2111 993 2165 nemini,
1026 2115 1338 2168 praeterquam
1370 2111 1617 2167 Magistris,
1652 2109 1875 2152 enunciet.

494 2192 563 2239 ll.
626 2193 885 2237 Constituto
907 2194 1070 2237 deinde
1100 2194 1184 2248 die,
1217 2198 1387 2250 quanto
1420 2193 1618 2236 maximo
1649 2193 1746 2235 fieri
1766 2191 1934 2249 poterit
1953 2207 2089 2248 appa—

351 2268 453 2307 ratu
485 2269 530 2306 et
561 2264 799 2307 hominum
826 2266 1095 2322 frequentia,
1127 2265 1313 2308 nomina
1343 2265 1567 2308 victorum
1594 2263 1773 2321 publice
1794 2262 2089 2320 pronuncien-

352 2341 446 2388 tur,
486 2340 531 2378 et
561 2336 610 2378 in
643 2337 842 2379 medium
882 2337 1230 2394 procedentibus
1263 2337 1484 2393 praemia,
1516 2336 1678 2392 cuique
1709 2351 1808 2387 sua,
1842 2334 2089 2377 honorifice

355 2406 634 2449 dividantur.
699 2407 748 2450 81
780 2408 881 2464 quis
913 2423 1005 2450 non
1037 2408 1200 2462 aderit,
1241 2408 1330 2450 nisi
1362 2411 1632 2464 potestatem
1669 2406 1805 2463 justis
1836 2406 1891 2448 de
1928 2405 2087 2460 causis,

356 2492 471 2532 quac
504 2478 689 2521 Rectori
720 2479 987 2536 probentur,
1029 2479 1252 2536 acceperit
1288 2494 1314 2521 a
1345 2478 1593 2532 Praefecto,
1627 2477 1878 2536 praemium
1909 2476 1983 2520 vel
2015 2491 2090 2532 op-

358 2548 468 2590 timo
494 2548 595 2604 jure
626 2549 714 2592 sibi
746 2550 950 2593 debitum
983 2550 1178 2593 amittat.

498 2618 570 2665 12.
632 2622 1014 2678 Unumquemque
1060 2621 1201 2664 victo·
1382 2619 1455 2667 12.
1518 2619 1826 2662 Praemiorum
1879 2618 2091 2660 distribu-

355 2705 449 2731 rem
509 2705 668 2747 praeco
718 2692 927 2735 evocabit
977 2693 1062 2735 hoc
1112 2692 1204 2734 fere
1241 2691 1355 2733 tioni
1388 2691 1633 2747 praemissa
1671 2690 1886 2733 formula:
1932 2688 2090 2745 „Quod

357 2761 509 2805 modo:
561 2762 719 2816 „Quod
759 2763 869 2805 felix
916 2763 1204 2819 faustumque
1243 2762 1351 2804 felix
1383 2762 1670 2818 faustumque
1701 2761 1760 2803 sit
1779 2761 1843 2803 rei
1863 2760 2089 2802 literariae

357 2832 416 2874 sit
431 2831 495 2873 rei
509 2832 735 2875 literariae
750 2834 873 2876 omni
880 2834 1048 2889 busque
1061 2834 1204 2876 nostri
1222 2837 1225 2894 1
1244 2833 1540 2889 omnibusque
1553 2832 1697 2875 nostri
1712 2831 1939 2888 gymnasii
1949 2831 2090 2873 alum-

357 2903 587 2959 gymnasii
619 2904 833 2946 alumnis!
886 2904 1103 2960 Primum,
1138 2920 1203 2947 se-

358 2974 579 3029 cundum,
629 2975 816 3018 tertium
849 2990 901 3020 zc.
954 2976 1204 3032 praemium

1243 2904 1333 2946 nis!
1402 2905 1610 2946 Praemia
1669 2902 1874 2959 sequenti
1935 2901 2090 2943 ordine

1244 2975 1472 3017 consecuti
1524 2975 1672 3029 sunt“,
1722 2988 1880 3031 praeco
1930 2987 2090 3015 unum-
2152 2992 2153 3008 1

507 3118 515 3137 ¹
549 3127 600 3162 pr.
629 3122 666 3152 et
694 3118 783 3151 1332
810 3128 877 3153 0111.
906 3117 1138 3162 „cujusque“.
