<?xml version="1.0" encoding="UTF-8"?>
<!DOCTYPE html PUBLIC "-//W3C//DTD XHTML 1.0 Transitional//EN"
    "http://www.w3.org/TR/xhtml1/DTD/xhtml1-transitional.dtd">
<html xmlns="http://www.w3.org/1999/xhtml" xml:lang="en" lang="en">
 <head>
  <title>
</title>
<meta http-equiv="Content-Type" content="text/html;charset=utf-8" />
  <meta name='ocr-system' content='tesseract 3.04.00' />
  <meta name='ocr-capabilities' content='ocr_page ocr_carea ocr_par ocr_line ocrx_word'/>
</head>
<body>
  <div class='ocr_page' id='page_1' title='image "./ratiostudiorumet05jesu_0132.png"; bbox 0 0 2143 3462; ppageno 0'>
   <div class='ocr_carea' id='block_1_1' title="bbox 227 1142 338 1171">
    <p class='ocr_par' dir='ltr' id='par_1_1' title="bbox 227 1142 338 1171">
     <span class='ocr_line' id='line_1_1' title="bbox 227 1142 338 1171; baseline 0.009 -8"><span class='ocrx_word' id='word_1_1' title='bbox 227 1149 255 1171; x_wconf 84' lang='lat' dir='ltr'>p.</span> <span class='ocrx_word' id='word_1_2' title='bbox 282 1142 338 1164; x_wconf 49' lang='lat'>151,</span> 
     </span>
    </p>
   </div>
   <div class='ocr_carea' id='block_1_2' title="bbox 298 2923 339 2946">
    <p class='ocr_par' dir='ltr' id='par_1_2' title="bbox 298 2923 339 2946">
     <span class='ocr_line' id='line_1_2' title="bbox 298 2923 339 2946; baseline 0.049 -2"><span class='ocrx_word' id='word_1_3' title='bbox 298 2923 339 2946; x_wconf 69' lang='lat'>55.</span> 
     </span>
    </p>
   </div>
   <div class='ocr_carea' id='block_1_3' title="bbox 377 207 1894 252">
    <p class='ocr_par' dir='ltr' id='par_1_3' title="bbox 377 207 1894 252">
     <span class='ocr_line' id='line_1_3' title="bbox 377 207 1894 252; baseline -0.003 -2"><span class='ocrx_word' id='word_1_4' title='bbox 377 208 459 250; x_wconf 85' lang='grc'>116</span> <span class='ocrx_word' id='word_1_5' title='bbox 546 217 655 252; x_wconf 81' lang='lat' dir='ltr'>Ratio</span> <span class='ocrx_word' id='word_1_6' title='bbox 681 216 884 251; x_wconf 87' lang='lat' dir='ltr'>studiorum</span> <span class='ocrx_word' id='word_1_7' title='bbox 911 220 949 251; x_wconf 92' lang='lat' dir='ltr'>et</span> <span class='ocrx_word' id='word_1_8' title='bbox 972 213 1227 251; x_wconf 72' lang='lat' dir='ltr'>institutiones</span> <span class='ocrx_word' id='word_1_9' title='bbox 1253 207 1494 249; x_wconf 81' lang='lat' dir='ltr'>scholasticae</span> <span class='ocrx_word' id='word_1_10' title='bbox 1520 210 1716 247; x_wconf 87' lang='lat' dir='ltr'>Societatis</span> <span class='ocrx_word' id='word_1_11' title='bbox 1742 209 1831 246; x_wconf 88' lang='lat' dir='ltr'>Jesu</span> <span class='ocrx_word' id='word_1_12' title='bbox 1856 207 1894 245; x_wconf 89' lang='lat' dir='ltr'>II</span> 
     </span>
    </p>
   </div>
   <div class='ocr_carea' id='block_1_4' title="bbox 375 281 1962 297">
    <p class='ocr_par' dir='ltr' id='par_1_4' title="bbox 375 281 1962 297">
     <span class='ocr_line' id='line_1_4' title="bbox 375 281 1962 297; baseline 0 0"><span class='ocrx_word' id='word_1_13' title='bbox 375 281 1962 297; x_wconf 95' lang='lat' dir='ltr'> </span> 
     </span>
    </p>
   </div>
   <div class='ocr_carea' id='block_1_5' title="bbox 367 328 2068 3168">
    <p class='ocr_par' dir='ltr' id='par_1_5' title="bbox 369 328 2067 1319">
     <span class='ocr_line' id='line_1_5' title="bbox 513 328 2064 380; baseline -0.006 -2"><span class='ocrx_word' id='word_1_14' title='bbox 513 339 554 380; x_wconf 87' lang='lat'>4.</span> <span class='ocrx_word' id='word_1_15' title='bbox 595 336 791 377; x_wconf 77' lang='lat' dir='ltr'>Ratione</span> <span class='ocrx_word' id='word_1_16' title='bbox 843 333 1262 376; x_wconf 79' lang='lat' dir='ltr'>Controuersiarum</span> <span class='ocrx_word' id='word_1_17' title='bbox 1314 331 1422 372; x_wconf 92' lang='lat' dir='ltr'>ordo</span> <span class='ocrx_word' id='word_1_18' title='bbox 1473 329 1720 371; x_wconf 87' lang='lat' dir='ltr'>lectionum</span> <span class='ocrx_word' id='word_1_19' title='bbox 1771 328 1835 370; x_wconf 90' lang='lat' dir='ltr'>sic</span> <span class='ocrx_word' id='word_1_20' title='bbox 1883 328 2064 370; x_wconf 83' lang='lat' dir='ltr'>videtur</span> 
     </span>
     <span class='ocr_line' id='line_1_6' title="bbox 372 399 2062 461; baseline -0.006 -12"><span class='ocrx_word' id='word_1_21' title='bbox 372 409 677 450; x_wconf 80' lang='lat' dir='ltr'>instituendus</span> <span class='ocrx_word' id='word_1_22' title='bbox 716 409 763 448; x_wconf 90' lang='lat' dir='ltr'>in</span> <span class='ocrx_word' id='word_1_23' title='bbox 797 407 996 461; x_wconf 79' lang='lat' dir='ltr'>Collegio</span> <span class='ocrx_word' id='word_1_24' title='bbox 1028 406 1256 447; x_wconf 83' lang='lat' dir='ltr'>Romano:</span> <span class='ocrx_word' id='word_1_25' title='bbox 1307 416 1438 443; x_wconf 89' lang='lat' dir='ltr'>mane</span> <span class='ocrx_word' id='word_1_26' title='bbox 1478 401 1623 457; x_wconf 83' lang='lat' dir='ltr'>prima</span> <span class='ocrx_word' id='word_1_27' title='bbox 1659 399 1771 441; x_wconf 86' lang='lat' dir='ltr'>hora</span> <span class='ocrx_word' id='word_1_28' title='bbox 1812 399 1893 440; x_wconf 90' lang='lat' dir='ltr'>fiat</span> <span class='ocrx_word' id='word_1_29' title='bbox 1929 399 2062 440; x_wconf 88' lang='lat' dir='ltr'>lectio</span> 
     </span>
     <span class='ocr_line' id='line_1_7' title="bbox 373 468 2063 536; baseline -0.008 -14"><span class='ocrx_word' id='word_1_30' title='bbox 373 480 644 536; x_wconf 57' lang='lat' dir='ltr'>Scripturae.</span> <span class='ocrx_word' id='word_1_31' title='bbox 724 478 930 520; x_wconf 83' lang='lat' dir='ltr'>Secunda</span> <span class='ocrx_word' id='word_1_32' title='bbox 983 475 1304 517; x_wconf 81' lang='lat' dir='ltr'>Scholasticae:</span> <span class='ocrx_word' id='word_1_33' title='bbox 1357 471 1517 512; x_wconf 89' lang='lat' dir='ltr'>deinde</span> <span class='ocrx_word' id='word_1_34' title='bbox 1563 474 1803 526; x_wconf 86' lang='lat' dir='ltr'>repetatur.</span> <span class='ocrx_word' id='word_1_35' title='bbox 1864 468 1968 510; x_wconf 85' lang='lat' dir='ltr'>Fiat</span> <span class='ocrx_word' id='word_1_36' title='bbox 2017 473 2063 509; x_wconf 89' lang='lat' dir='ltr'>et</span> 
     </span>
     <span class='ocr_line' id='line_1_8' title="bbox 372 540 2063 607; baseline -0.008 -14"><span class='ocrx_word' id='word_1_37' title='bbox 372 552 515 607; x_wconf 88' lang='lat' dir='ltr'>prima</span> <span class='ocrx_word' id='word_1_38' title='bbox 545 551 656 592; x_wconf 84' lang='lat' dir='ltr'>hora</span> <span class='ocrx_word' id='word_1_39' title='bbox 687 550 821 591; x_wconf 73' lang='lat' dir='ltr'>lectio</span> <span class='ocrx_word' id='word_1_40' title='bbox 843 550 1058 590; x_wconf 81' lang='lat' dir='ltr'>Casuum:</span> <span class='ocrx_word' id='word_1_41' title='bbox 1092 547 1134 587; x_wconf 83' lang='lat' dir='ltr'>A</span> <span class='ocrx_word' id='word_1_42' title='bbox 1166 544 1356 601; x_wconf 83' lang='lat' dir='ltr'>prandio</span> <span class='ocrx_word' id='word_1_43' title='bbox 1388 542 1532 599; x_wconf 87' lang='lat' dir='ltr'>prima</span> <span class='ocrx_word' id='word_1_44' title='bbox 1563 541 1673 583; x_wconf 87' lang='lat' dir='ltr'>hora</span> <span class='ocrx_word' id='word_1_45' title='bbox 1695 541 1904 596; x_wconf 84' lang='lat' dir='ltr'>legantur</span> <span class='ocrx_word' id='word_1_46' title='bbox 1926 540 2063 582; x_wconf 88' lang='lat' dir='ltr'>Casus</span> 
     </span>
     <span class='ocr_line' id='line_1_9' title="bbox 373 610 2066 674; baseline -0.008 -10"><span class='ocrx_word' id='word_1_47' title='bbox 373 628 417 664; x_wconf 90' lang='lat' dir='ltr'>et</span> <span class='ocrx_word' id='word_1_48' title='bbox 449 623 657 664; x_wconf 79' lang='lat' dir='ltr'>Hebraea</span> <span class='ocrx_word' id='word_1_49' title='bbox 688 621 837 662; x_wconf 82' lang='lat' dir='ltr'>lectio.</span> <span class='ocrx_word' id='word_1_50' title='bbox 892 619 978 660; x_wconf 80' lang='lat' dir='ltr'>Sed</span> <span class='ocrx_word' id='word_1_51' title='bbox 1010 622 1112 674; x_wconf 85' lang='lat' dir='ltr'>post</span> <span class='ocrx_word' id='word_1_52' title='bbox 1145 616 1384 658; x_wconf 89' lang='lat' dir='ltr'>dimidium</span> <span class='ocrx_word' id='word_1_53' title='bbox 1417 613 1587 669; x_wconf 87' lang='lat' dir='ltr'>primae</span> <span class='ocrx_word' id='word_1_54' title='bbox 1619 611 1754 653; x_wconf 87' lang='lat' dir='ltr'>horae</span> <span class='ocrx_word' id='word_1_55' title='bbox 1788 610 2066 653; x_wconf 83' lang='lat' dir='ltr'>Scholastica</span> 
     </span>
     <span class='ocr_line' id='line_1_10' title="bbox 371 681 2066 750; baseline -0.008 -14"><span class='ocrx_word' id='word_1_56' title='bbox 371 710 448 750; x_wconf 85' lang='lat' dir='ltr'>pei·</span> <span class='ocrx_word' id='word_1_57' title='bbox 480 694 659 735; x_wconf 80' lang='lat' dir='ltr'>horam:</span> <span class='ocrx_word' id='word_1_58' title='bbox 694 707 797 733; x_wconf 85' lang='lat' dir='ltr'>mox</span> <span class='ocrx_word' id='word_1_59' title='bbox 830 694 1059 746; x_wconf 86' lang='lat' dir='ltr'>repetatur</span> <span class='ocrx_word' id='word_1_60' title='bbox 1091 688 1265 729; x_wconf 84' lang='lat' dir='ltr'>circiter</span> <span class='ocrx_word' id='word_1_61' title='bbox 1297 686 1614 741; x_wconf 75' lang='lat' dir='ltr'>quadrantem:</span> <span class='ocrx_word' id='word_1_62' title='bbox 1660 687 1704 724; x_wconf 88' lang='lat' dir='ltr'>et</span> <span class='ocrx_word' id='word_1_63' title='bbox 1736 682 1842 724; x_wconf 88' lang='lat' dir='ltr'>dum</span> <span class='ocrx_word' id='word_1_64' title='bbox 1875 681 1927 723; x_wconf 89' lang='lat' dir='ltr'>fit</span> <span class='ocrx_word' id='word_1_65' title='bbox 1955 681 2066 724; x_wconf 88' lang='lat' dir='ltr'>haec</span> 
     </span>
     <span class='ocr_line' id='line_1_11' title="bbox 371 752 2066 823; baseline -0.01 -14"><span class='ocrx_word' id='word_1_66' title='bbox 371 766 591 823; x_wconf 78' lang='lat' dir='ltr'>repetitio,</span> <span class='ocrx_word' id='word_1_67' title='bbox 637 768 798 805; x_wconf 73' lang='lat' dir='ltr'>exeant</span> <span class='ocrx_word' id='word_1_68' title='bbox 842 761 899 803; x_wconf 89' lang='lat' dir='ltr'>ad</span> <span class='ocrx_word' id='word_1_69' title='bbox 945 759 1190 801; x_wconf 84' lang='lat' dir='ltr'>audiendas</span> <span class='ocrx_word' id='word_1_70' title='bbox 1224 755 1563 799; x_wconf 87' lang='lat' dir='ltr'>Controuersias</span> <span class='ocrx_word' id='word_1_71' title='bbox 1601 769 1678 810; x_wconf 87' lang='lat' dir='ltr'>per</span> <span class='ocrx_word' id='word_1_72' title='bbox 1708 754 1864 795; x_wconf 88' lang='lat' dir='ltr'>horam</span> <span class='ocrx_word' id='word_1_73' title='bbox 1895 752 1944 794; x_wconf 90' lang='lat' dir='ltr'>in</span> <span class='ocrx_word' id='word_1_74' title='bbox 1977 752 2066 794; x_wconf 85' lang='lat' dir='ltr'>alia</span> 
     </span>
     <span class='ocr_line' id='line_1_12' title="bbox 373 825 2065 886; baseline -0.009 -7"><span class='ocrx_word' id='word_1_75' title='bbox 373 838 537 879; x_wconf 75' lang='lat' dir='ltr'>Schola</span> <span class='ocrx_word' id='word_1_76' title='bbox 558 833 912 886; x_wconf 79' lang='lat' dir='ltr'>Vltramontani,</span> <span class='ocrx_word' id='word_1_77' title='bbox 944 846 1050 873; x_wconf 88' lang='lat' dir='ltr'>nam</span> <span class='ocrx_word' id='word_1_78' title='bbox 1083 829 1159 884; x_wconf 87' lang='lat' dir='ltr'>alij</span> <span class='ocrx_word' id='word_1_79' title='bbox 1192 842 1286 869; x_wconf 89' lang='lat' dir='ltr'>non</span> <span class='ocrx_word' id='word_1_80' title='bbox 1317 831 1423 868; x_wconf 91' lang='lat' dir='ltr'>sunt</span> <span class='ocrx_word' id='word_1_81' title='bbox 1443 825 1730 878; x_wconf 87' lang='lat' dir='ltr'>admittendi,</span> <span class='ocrx_word' id='word_1_82' title='bbox 1763 828 1937 880; x_wconf 83' lang='lat' dir='ltr'>praeter</span> <span class='ocrx_word' id='word_1_83' title='bbox 1957 838 2065 880; x_wconf 85' lang='lat' dir='ltr'>pau-</span> 
     </span>
     <span class='ocr_line' id='line_1_13' title="bbox 372 892 2066 961; baseline -0.01 -10"><span class='ocrx_word' id='word_1_84' title='bbox 372 925 445 951; x_wconf 88' lang='lat' dir='ltr'>cos</span> <span class='ocrx_word' id='word_1_85' title='bbox 477 908 644 950; x_wconf 86' lang='lat' dir='ltr'>iudicio</span> <span class='ocrx_word' id='word_1_86' title='bbox 680 904 970 961; x_wconf 80' lang='lat' dir='ltr'>Superiorum</span> <span class='ocrx_word' id='word_1_87' title='bbox 1003 899 1278 955; x_wconf 77' lang='lat' dir='ltr'>deligendos,</span> <span class='ocrx_word' id='word_1_88' title='bbox 1318 892 1370 939; x_wconf 68' lang='lat' dir='ltr'>‘vt</span> <span class='ocrx_word' id='word_1_89' title='bbox 1410 912 1463 938; x_wconf 88' lang='lat' dir='ltr'>ex</span> <span class='ocrx_word' id='word_1_90' title='bbox 1505 895 1605 951; x_wconf 84' lang='lat' dir='ltr'>alijs</span> <span class='ocrx_word' id='word_1_91' title='bbox 1636 895 1774 937; x_wconf 85' lang='lat' dir='ltr'>etiam</span> <span class='ocrx_word' id='word_1_92' title='bbox 1804 894 2066 936; x_wconf 87' lang='lat' dir='ltr'>nationibus</span> 
     </span>
     <span class='ocr_line' id='line_1_14' title="bbox 371 966 2066 1031; baseline -0.009 -9"><span class='ocrx_word' id='word_1_93' title='bbox 371 996 462 1022; x_wconf 90' lang='lat' dir='ltr'>non</span> <span class='ocrx_word' id='word_1_94' title='bbox 495 979 644 1020; x_wconf 81' lang='lat' dir='ltr'>desint</span> <span class='ocrx_word' id='word_1_95' title='bbox 676 975 830 1031; x_wconf 82' lang='lat' dir='ltr'>aliqui,</span> <span class='ocrx_word' id='word_1_96' title='bbox 876 973 1057 1029; x_wconf 86' lang='lat' dir='ltr'>quando</span> <span class='ocrx_word' id='word_1_97' title='bbox 1090 986 1159 1012; x_wconf 89' lang='lat' dir='ltr'>res</span> <span class='ocrx_word' id='word_1_98' title='bbox 1190 970 1354 1025; x_wconf 81' lang='lat' dir='ltr'>exiget,</span> <span class='ocrx_word' id='word_1_99' title='bbox 1403 968 1478 1023; x_wconf 87' lang='lat' dir='ltr'>qui</span> <span class='ocrx_word' id='word_1_100' title='bbox 1517 969 1637 1010; x_wconf 88' lang='lat' dir='ltr'>hanc</span> <span class='ocrx_word' id='word_1_101' title='bbox 1669 966 1867 1008; x_wconf 90' lang='lat' dir='ltr'>scholam</span> <span class='ocrx_word' id='word_1_102' title='bbox 1897 966 2066 1022; x_wconf 86' lang='lat' dir='ltr'>praele-</span> 
     </span>
     <span class='ocr_line' id='line_1_15' title="bbox 371 1036 2067 1106; baseline -0.009 -13"><span class='ocrx_word' id='word_1_103' title='bbox 371 1056 496 1106; x_wconf 85' lang='lat' dir='ltr'>gant,</span> <span class='ocrx_word' id='word_1_104' title='bbox 537 1050 609 1091; x_wconf 84' lang='lat' dir='ltr'>vel</span> <span class='ocrx_word' id='word_1_105' title='bbox 643 1047 698 1089; x_wconf 83' lang='lat' dir='ltr'>ad</span> <span class='ocrx_word' id='word_1_106' title='bbox 730 1052 878 1102; x_wconf 86' lang='lat' dir='ltr'>partes</span> <span class='ocrx_word' id='word_1_107' title='bbox 917 1044 1158 1085; x_wconf 83' lang='lat' dir='ltr'>mittantur</span> <span class='ocrx_word' id='word_1_108' title='bbox 1190 1039 1523 1095; x_wconf 84' lang='lat' dir='ltr'>Transalpinas,</span> <span class='ocrx_word' id='word_1_109' title='bbox 1560 1038 1640 1081; x_wconf 78' lang='lat' dir='ltr'>vbi</span> <span class='ocrx_word' id='word_1_110' title='bbox 1677 1036 1907 1078; x_wconf 87' lang='lat' dir='ltr'>interdum</span> <span class='ocrx_word' id='word_1_111' title='bbox 1944 1036 2067 1078; x_wconf 90' lang='lat' dir='ltr'>hisce</span> 
     </span>
     <span class='ocr_line' id='line_1_16' title="bbox 369 1107 2066 1164; baseline -0.009 -1"><span class='ocrx_word' id='word_1_112' title='bbox 369 1123 422 1163; x_wconf 88' lang='lat' dir='ltr'>de</span> <span class='ocrx_word' id='word_1_113' title='bbox 455 1122 586 1162; x_wconf 85' lang='lat' dir='ltr'>rebus</span> <span class='ocrx_word' id='word_1_114' title='bbox 619 1134 720 1160; x_wconf 90' lang='lat' dir='ltr'>cum</span> <span class='ocrx_word' id='word_1_115' title='bbox 751 1116 854 1158; x_wconf 89' lang='lat' dir='ltr'>fidei</span> <span class='ocrx_word' id='word_1_116' title='bbox 885 1115 1091 1157; x_wconf 74' lang='lat' dir='ltr'>hostibus</span> <span class='ocrx_word' id='word_1_117' title='bbox 1124 1111 1431 1154; x_wconf 89' lang='lat' dir='ltr'>dimicandum</span> <span class='ocrx_word' id='word_1_118' title='bbox 1462 1114 1541 1158; x_wconf 88' lang='lat' dir='ltr'>est,</span> <span class='ocrx_word' id='word_1_119' title='bbox 1573 1113 1885 1164; x_wconf 82' lang='lat' dir='ltr'>praeterquam</span> <span class='ocrx_word' id='word_1_120' title='bbox 1913 1110 1918 1163; x_wconf 82' lang='grc' dir='ltr'>Ι</span> <span class='ocrx_word' id='word_1_121' title='bbox 1946 1107 2066 1162; x_wconf 89' lang='lat' dir='ltr'>quod</span> 
     </span>
     <span class='ocr_line' id='line_1_17' title="bbox 372 1178 2065 1245; baseline -0.009 -11"><span class='ocrx_word' id='word_1_122' title='bbox 372 1192 548 1234; x_wconf 89' lang='lat' dir='ltr'>Nostris</span> <span class='ocrx_word' id='word_1_123' title='bbox 581 1205 709 1245; x_wconf 84' lang='lat' dir='ltr'>saepe</span> <span class='ocrx_word' id='word_1_124' title='bbox 742 1189 800 1229; x_wconf 90' lang='lat' dir='ltr'>sit</span> <span class='ocrx_word' id='word_1_125' title='bbox 831 1189 878 1228; x_wconf 92' lang='lat' dir='ltr'>in</span> <span class='ocrx_word' id='word_1_126' title='bbox 910 1186 1060 1239; x_wconf 83' lang='lat' dir='ltr'>Italia,</span> <span class='ocrx_word' id='word_1_127' title='bbox 1103 1185 1151 1225; x_wconf 90' lang='lat' dir='ltr'>in</span> <span class='ocrx_word' id='word_1_128' title='bbox 1186 1182 1411 1239; x_wconf 83' lang='lat' dir='ltr'>Hispania</span> <span class='ocrx_word' id='word_1_129' title='bbox 1450 1186 1494 1222; x_wconf 90' lang='lat' dir='ltr'>et</span> <span class='ocrx_word' id='word_1_130' title='bbox 1533 1180 1644 1222; x_wconf 88' lang='lat' dir='ltr'>alibi</span> <span class='ocrx_word' id='word_1_131' title='bbox 1688 1194 1789 1221; x_wconf 91' lang='lat' dir='ltr'>cum</span> <span class='ocrx_word' id='word_1_132' title='bbox 1826 1178 2065 1221; x_wconf 81' lang='lat' dir='ltr'>haereticis</span> 
     </span>
     <span class='ocr_line' id='line_1_18' title="bbox 371 1263 611 1319; baseline -0.008 -14"><span class='ocrx_word' id='word_1_133' title='bbox 371 1263 611 1319; x_wconf 87' lang='lat' dir='ltr'>agendum.</span> 
     </span>
    </p>

    <p class='ocr_par' dir='ltr' id='par_1_6' title="bbox 367 1320 2068 3168">
     <span class='ocr_line' id='line_1_19' title="bbox 513 1320 2066 1377; baseline -0.01 -1"><span class='ocrx_word' id='word_1_134' title='bbox 513 1336 552 1377; x_wconf 82' lang='lat'>5.</span> <span class='ocrx_word' id='word_1_135' title='bbox 588 1332 802 1375; x_wconf 88' lang='lat' dir='ltr'>Omnium</span> <span class='ocrx_word' id='word_1_136' title='bbox 836 1327 1255 1371; x_wconf 83' lang='lat' dir='ltr'>Controuersiarum</span> <span class='ocrx_word' id='word_1_137' title='bbox 1287 1323 1559 1366; x_wconf 88' lang='lat' dir='ltr'>curriculum</span> <span class='ocrx_word' id='word_1_138' title='bbox 1597 1321 1835 1376; x_wconf 83' lang='lat' dir='ltr'>redigatur</span> <span class='ocrx_word' id='word_1_139' title='bbox 1874 1320 1921 1362; x_wconf 88' lang='lat' dir='ltr'>in</span> <span class='ocrx_word' id='word_1_140' title='bbox 1958 1335 2066 1375; x_wconf 88' lang='lat' dir='ltr'>qua—</span> 
     </span>
     <span class='ocr_line' id='line_1_20' title="bbox 371 1391 2066 1457; baseline -0.009 -10"><span class='ocrx_word' id='word_1_141' title='bbox 371 1405 639 1457; x_wconf 88' lang='lat' dir='ltr'>driennium,</span> <span class='ocrx_word' id='word_1_142' title='bbox 681 1408 726 1444; x_wconf 90' lang='lat' dir='ltr'>et</span> <span class='ocrx_word' id='word_1_143' title='bbox 757 1403 969 1457; x_wconf 87' lang='lat' dir='ltr'>legantur</span> <span class='ocrx_word' id='word_1_144' title='bbox 998 1400 1084 1440; x_wconf 88' lang='lat' dir='ltr'>hoc</span> <span class='ocrx_word' id='word_1_145' title='bbox 1123 1398 1213 1438; x_wconf 87' lang='lat' dir='ltr'>fere</span> <span class='ocrx_word' id='word_1_146' title='bbox 1243 1395 1389 1437; x_wconf 89' lang='lat' dir='ltr'>modo.</span> <span class='ocrx_word' id='word_1_147' title='bbox 1451 1394 1624 1450; x_wconf 90' lang='lat' dir='ltr'>primo</span> <span class='ocrx_word' id='word_1_148' title='bbox 1655 1391 1936 1448; x_wconf 82' lang='lat' dir='ltr'>explicentur</span> <span class='ocrx_word' id='word_1_149' title='bbox 1965 1391 2066 1432; x_wconf 89' lang='lat' dir='ltr'>hae-</span> 
     </span>
     <span class='ocr_line' id='line_1_21' title="bbox 371 1462 2067 1529; baseline -0.01 -10"><span class='ocrx_word' id='word_1_150' title='bbox 371 1492 484 1518; x_wconf 87' lang='lat' dir='ltr'>reses</span> <span class='ocrx_word' id='word_1_151' title='bbox 517 1476 571 1518; x_wconf 91' lang='lat' dir='ltr'>de</span> <span class='ocrx_word' id='word_1_152' title='bbox 602 1491 662 1529; x_wconf 89' lang='lat' dir='ltr'>re,</span> <span class='ocrx_word' id='word_1_153' title='bbox 705 1476 757 1516; x_wconf 90' lang='lat' dir='ltr'>de</span> <span class='ocrx_word' id='word_1_154' title='bbox 790 1488 879 1528; x_wconf 89' lang='lat' dir='ltr'>qua</span> <span class='ocrx_word' id='word_1_155' title='bbox 911 1472 1076 1527; x_wconf 85' lang='lat' dir='ltr'>agitur,</span> <span class='ocrx_word' id='word_1_156' title='bbox 1121 1474 1165 1510; x_wconf 91' lang='lat' dir='ltr'>et</span> <span class='ocrx_word' id='word_1_157' title='bbox 1196 1467 1329 1509; x_wconf 87' lang='lat' dir='ltr'>valde</span> <span class='ocrx_word' id='word_1_158' title='bbox 1361 1465 1565 1518; x_wconf 89' lang='lat' dir='ltr'>fideliter,</span> <span class='ocrx_word' id='word_1_159' title='bbox 1606 1478 1689 1504; x_wconf 88' lang='lat' dir='ltr'>nec</span> <span class='ocrx_word' id='word_1_160' title='bbox 1728 1463 1807 1504; x_wconf 89' lang='lat' dir='ltr'>diu</span> <span class='ocrx_word' id='word_1_161' title='bbox 1842 1462 2067 1519; x_wconf 81' lang='lat' dir='ltr'>professor</span> 
     </span>
     <span class='ocr_line' id='line_1_22' title="bbox 370 1533 2067 1599; baseline -0.011 -8"><span class='ocrx_word' id='word_1_162' title='bbox 370 1553 568 1591; x_wconf 87' lang='lat' dir='ltr'>moretur</span> <span class='ocrx_word' id='word_1_163' title='bbox 598 1548 646 1588; x_wconf 89' lang='lat' dir='ltr'>in</span> <span class='ocrx_word' id='word_1_164' title='bbox 679 1560 831 1588; x_wconf 85' lang='lat' dir='ltr'>earum</span> <span class='ocrx_word' id='word_1_165' title='bbox 865 1544 1040 1599; x_wconf 84' lang='lat' dir='ltr'>origine</span> <span class='ocrx_word' id='word_1_166' title='bbox 1060 1541 1135 1584; x_wconf 80' lang='lat' dir='ltr'>vel</span> <span class='ocrx_word' id='word_1_167' title='bbox 1159 1538 1392 1581; x_wconf 85' lang='lat' dir='ltr'>autoribus</span> <span class='ocrx_word' id='word_1_168' title='bbox 1423 1534 1756 1591; x_wconf 77' lang='lat' dir='ltr'>conquirendis,</span> <span class='ocrx_word' id='word_1_169' title='bbox 1789 1533 1865 1575; x_wconf 91' lang='lat' dir='ltr'>sed</span> <span class='ocrx_word' id='word_1_170' title='bbox 1897 1533 1951 1575; x_wconf 91' lang='lat' dir='ltr'>de</span> <span class='ocrx_word' id='word_1_171' title='bbox 1982 1533 2067 1575; x_wconf 90' lang='lat' dir='ltr'>hoc</span> 
     </span>
     <span class='ocr_line' id='line_1_23' title="bbox 371 1605 2068 1673; baseline -0.01 -11"><span class='ocrx_word' id='word_1_172' title='bbox 371 1621 491 1663; x_wconf 85' lang='lat' dir='ltr'>dicat</span> <span class='ocrx_word' id='word_1_173' title='bbox 522 1620 733 1672; x_wconf 86' lang='lat' dir='ltr'>breuiter,</span> <span class='ocrx_word' id='word_1_174' title='bbox 767 1617 887 1673; x_wconf 88' lang='lat' dir='ltr'>quod</span> <span class='ocrx_word' id='word_1_175' title='bbox 919 1614 1005 1656; x_wconf 83' lang='lat' dir='ltr'>sibi</span> <span class='ocrx_word' id='word_1_176' title='bbox 1037 1612 1202 1654; x_wconf 86' lang='lat' dir='ltr'>certius</span> <span class='ocrx_word' id='word_1_177' title='bbox 1234 1609 1434 1651; x_wconf 85' lang='lat' dir='ltr'>videtur:</span> <span class='ocrx_word' id='word_1_178' title='bbox 1478 1622 1561 1648; x_wconf 89' lang='lat' dir='ltr'>nec</span> <span class='ocrx_word' id='word_1_179' title='bbox 1591 1606 1846 1647; x_wconf 85' lang='lat' dir='ltr'>referantur</span> <span class='ocrx_word' id='word_1_180' title='bbox 1876 1605 2068 1646; x_wconf 85' lang='lat' dir='ltr'>haereti-</span> 
     </span>
     <span class='ocr_line' id='line_1_24' title="bbox 371 1676 2064 1740; baseline -0.009 -6"><span class='ocrx_word' id='word_1_181' title='bbox 371 1707 524 1734; x_wconf 87' lang='lat' dir='ltr'>corum</span> <span class='ocrx_word' id='word_1_182' title='bbox 547 1695 793 1733; x_wconf 82' lang='lat' dir='ltr'>scommata</span> <span class='ocrx_word' id='word_1_183' title='bbox 813 1694 858 1730; x_wconf 90' lang='lat' dir='ltr'>et</span> <span class='ocrx_word' id='word_1_184' title='bbox 883 1684 1272 1740; x_wconf 78' lang='lat' dir='ltr'>exaggerationes,</span> <span class='ocrx_word' id='word_1_185' title='bbox 1305 1695 1387 1720; x_wconf 90' lang='lat' dir='ltr'>nec</span> <span class='ocrx_word' id='word_1_186' title='bbox 1409 1678 1561 1732; x_wconf 81' lang='lat' dir='ltr'>verba,</span> <span class='ocrx_word' id='word_1_187' title='bbox 1582 1678 1658 1719; x_wconf 88' lang='lat' dir='ltr'>sed</span> <span class='ocrx_word' id='word_1_188' title='bbox 1680 1677 1802 1719; x_wconf 85' lang='lat' dir='ltr'>nuda</span> <span class='ocrx_word' id='word_1_189' title='bbox 1826 1676 2064 1718; x_wconf 90' lang='lat' dir='ltr'>sententia.</span> 
     </span>
     <span class='ocr_line' id='line_1_25' title="bbox 372 1748 2067 1806; baseline -0.01 -1"><span class='ocrx_word' id='word_1_190' title='bbox 372 1762 618 1805; x_wconf 85' lang='lat' dir='ltr'>Secundo</span> <span class='ocrx_word' id='word_1_191' title='bbox 651 1761 819 1803; x_wconf 85' lang='lat' dir='ltr'>veritas</span> <span class='ocrx_word' id='word_1_192' title='bbox 853 1756 1088 1800; x_wconf 88' lang='lat' dir='ltr'>Catholica</span> <span class='ocrx_word' id='word_1_193' title='bbox 1127 1754 1242 1795; x_wconf 85' lang='lat' dir='ltr'>bene</span> <span class='ocrx_word' id='word_1_194' title='bbox 1280 1750 1546 1806; x_wconf 84' lang='lat' dir='ltr'>explicetur,</span> <span class='ocrx_word' id='word_1_195' title='bbox 1594 1764 1696 1790; x_wconf 89' lang='lat' dir='ltr'>cum</span> <span class='ocrx_word' id='word_1_196' title='bbox 1743 1764 1794 1790; x_wconf 89' lang='lat' dir='ltr'>ea</span> <span class='ocrx_word' id='word_1_197' title='bbox 1839 1748 2067 1790; x_wconf 85' lang='lat' dir='ltr'>intellecta</span> 
     </span>
     <span class='ocr_line' id='line_1_26' title="bbox 371 1818 2068 1890; baseline -0.011 -13"><span class='ocrx_word' id='word_1_198' title='bbox 371 1850 583 1890; x_wconf 87' lang='lat' dir='ltr'>magnam</span> <span class='ocrx_word' id='word_1_199' title='bbox 615 1848 693 1889; x_wconf 87' lang='lat' dir='ltr'>per</span> <span class='ocrx_word' id='word_1_200' title='bbox 725 1847 770 1873; x_wconf 89' lang='lat' dir='ltr'>se</span> <span class='ocrx_word' id='word_1_201' title='bbox 802 1830 942 1872; x_wconf 77' lang='lat' dir='ltr'>faciat</span> <span class='ocrx_word' id='word_1_202' title='bbox 981 1828 1128 1879; x_wconf 88' lang='lat' dir='ltr'>fidem,</span> <span class='ocrx_word' id='word_1_203' title='bbox 1177 1830 1221 1865; x_wconf 89' lang='lat' dir='ltr'>et</span> <span class='ocrx_word' id='word_1_204' title='bbox 1273 1822 1421 1863; x_wconf 88' lang='lat' dir='ltr'>minus</span> <span class='ocrx_word' id='word_1_205' title='bbox 1466 1824 1618 1876; x_wconf 86' lang='lat' dir='ltr'>pateat</span> <span class='ocrx_word' id='word_1_206' title='bbox 1664 1819 1914 1875; x_wconf 87' lang='lat' dir='ltr'>calumnijs,</span> <span class='ocrx_word' id='word_1_207' title='bbox 1960 1818 2068 1874; x_wconf 85' lang='lat' dir='ltr'>quia</span> 
     </span>
     <span class='ocr_line' id='line_1_27' title="bbox 371 1889 2066 1959; baseline -0.012 -10"><span class='ocrx_word' id='word_1_208' title='bbox 371 1908 513 1948; x_wconf 86' lang='lat' dir='ltr'>multa</span> <span class='ocrx_word' id='word_1_209' title='bbox 544 1906 674 1947; x_wconf 84' lang='lat' dir='ltr'>nobis</span> <span class='ocrx_word' id='word_1_210' title='bbox 704 1905 947 1959; x_wconf 87' lang='lat' dir='ltr'>imponunt</span> <span class='ocrx_word' id='word_1_211' title='bbox 976 1897 1208 1950; x_wconf 88' lang='lat' dir='ltr'>haeretici,</span> <span class='ocrx_word' id='word_1_212' title='bbox 1242 1909 1355 1950; x_wconf 86' lang='lat' dir='ltr'>quae</span> <span class='ocrx_word' id='word_1_213' title='bbox 1386 1906 1477 1933; x_wconf 90' lang='lat' dir='ltr'>non</span> <span class='ocrx_word' id='word_1_214' title='bbox 1508 1891 1732 1932; x_wconf 81' lang='lat' dir='ltr'>docemus,</span> <span class='ocrx_word' id='word_1_215' title='bbox 1791 1889 1973 1931; x_wconf 83' lang='lat' dir='ltr'>Tertio</span> <span class='ocrx_word' id='word_1_216' title='bbox 2006 1889 2066 1930; x_wconf 89' lang='lat' dir='ltr'>sit</span> 
     </span>
     <span class='ocr_line' id='line_1_28' title="bbox 371 1960 2064 2021; baseline -0.011 -1"><span class='ocrx_word' id='word_1_217' title='bbox 371 1982 608 2020; x_wconf 88' lang='lat' dir='ltr'>contentus</span> <span class='ocrx_word' id='word_1_218' title='bbox 652 1975 827 2017; x_wconf 90' lang='lat' dir='ltr'>duobus</span> <span class='ocrx_word' id='word_1_219' title='bbox 874 1973 947 2015; x_wconf 84' lang='lat' dir='ltr'>vel</span> <span class='ocrx_word' id='word_1_220' title='bbox 997 1970 1142 2011; x_wconf 86' lang='lat' dir='ltr'>tribus</span> <span class='ocrx_word' id='word_1_221' title='bbox 1176 1966 1435 2021; x_wconf 83' lang='lat' dir='ltr'>Scripturae</span> <span class='ocrx_word' id='word_1_222' title='bbox 1475 1963 1586 2003; x_wconf 89' lang='lat' dir='ltr'>locis</span> <span class='ocrx_word' id='word_1_223' title='bbox 1618 1961 1751 2004; x_wconf 88' lang='lat' dir='ltr'>valde</span> <span class='ocrx_word' id='word_1_224' title='bbox 1798 1960 2064 2013; x_wconf 85' lang='lat' dir='ltr'>manifestis,</span> 
     </span>
     <span class='ocr_line' id='line_1_29' title="bbox 370 2032 2066 2105; baseline -0.012 -13"><span class='ocrx_word' id='word_1_225' title='bbox 370 2050 447 2105; x_wconf 81' lang='lat' dir='ltr'>qui</span> <span class='ocrx_word' id='word_1_226' title='bbox 480 2054 584 2090; x_wconf 90' lang='lat' dir='ltr'>sunt</span> <span class='ocrx_word' id='word_1_227' title='bbox 617 2044 937 2089; x_wconf 84' lang='lat' dir='ltr'>corroborandi</span> <span class='ocrx_word' id='word_1_228' title='bbox 970 2057 1023 2083; x_wconf 92' lang='lat' dir='ltr'>ex</span> <span class='ocrx_word' id='word_1_229' title='bbox 1054 2041 1315 2094; x_wconf 82' lang='lat' dir='ltr'>linguarum</span> <span class='ocrx_word' id='word_1_230' title='bbox 1349 2034 1638 2092; x_wconf 78' lang='lat' dir='ltr'>proprietate,</span> <span class='ocrx_word' id='word_1_231' title='bbox 1671 2032 1911 2074; x_wconf 88' lang='lat' dir='ltr'>collatione</span> <span class='ocrx_word' id='word_1_232' title='bbox 1941 2037 2066 2073; x_wconf 90' lang='lat' dir='ltr'>ante-</span> 
     </span>
     <span class='ocr_line' id='line_1_30' title="bbox 369 2102 2066 2170; baseline -0.011 -8"><span class='ocrx_word' id='word_1_233' title='bbox 369 2120 624 2162; x_wconf 86' lang='lat' dir='ltr'>cedentium</span> <span class='ocrx_word' id='word_1_234' title='bbox 676 2123 721 2159; x_wconf 90' lang='lat' dir='ltr'>et</span> <span class='ocrx_word' id='word_1_235' title='bbox 773 2113 1157 2170; x_wconf 88' lang='lat' dir='ltr'>consequentium,</span> <span class='ocrx_word' id='word_1_236' title='bbox 1208 2106 1483 2162; x_wconf 86' lang='lat' dir='ltr'>allegatione</span> <span class='ocrx_word' id='word_1_237' title='bbox 1530 2104 1728 2145; x_wconf 88' lang='lat' dir='ltr'>locorum</span> <span class='ocrx_word' id='word_1_238' title='bbox 1779 2102 1970 2144; x_wconf 89' lang='lat' dir='ltr'>aliorum</span> <span class='ocrx_word' id='word_1_239' title='bbox 2021 2107 2066 2144; x_wconf 88' lang='lat' dir='ltr'>et</span> 
     </span>
     <span class='ocr_line' id='line_1_31' title="bbox 370 2174 2062 2245; baseline -0.011 -12"><span class='ocrx_word' id='word_1_240' title='bbox 370 2193 555 2233; x_wconf 83' lang='lat' dir='ltr'>Patrum</span> <span class='ocrx_word' id='word_1_241' title='bbox 589 2187 977 2245; x_wconf 84' lang='lat' dir='ltr'>interpretatione.</span> <span class='ocrx_word' id='word_1_242' title='bbox 1041 2183 1244 2232; x_wconf 76' lang='lat' dir='ltr'>Quarto</span> <span class='ocrx_word' id='word_1_243' title='bbox 1278 2177 1591 2234; x_wconf 85' lang='lat' dir='ltr'>expendantur</span> <span class='ocrx_word' id='word_1_244' title='bbox 1613 2174 1839 2216; x_wconf 84' lang='lat' dir='ltr'>Ecclesiae</span> <span class='ocrx_word' id='word_1_245' title='bbox 1873 2174 2062 2227; x_wconf 87' lang='lat' dir='ltr'>decreta,</span> 
     </span>
     <span class='ocr_line' id='line_1_32' title="bbox 369 2245 2065 2310; baseline -0.012 -5"><span class='ocrx_word' id='word_1_246' title='bbox 369 2271 412 2304; x_wconf 85' lang='lat' dir='ltr'>et</span> <span class='ocrx_word' id='word_1_247' title='bbox 444 2264 631 2303; x_wconf 88' lang='lat' dir='ltr'>Patrum</span> <span class='ocrx_word' id='word_1_248' title='bbox 663 2259 931 2302; x_wconf 82' lang='lat' dir='ltr'>sententiae:</span> <span class='ocrx_word' id='word_1_249' title='bbox 979 2260 1111 2310; x_wconf 85' lang='lat' dir='ltr'>atque</span> <span class='ocrx_word' id='word_1_250' title='bbox 1143 2253 1226 2293; x_wconf 83' lang='lat' dir='ltr'>hae</span> <span class='ocrx_word' id='word_1_251' title='bbox 1258 2264 1349 2291; x_wconf 86' lang='lat' dir='ltr'>non</span> <span class='ocrx_word' id='word_1_252' title='bbox 1382 2247 1629 2289; x_wconf 84' lang='lat' dir='ltr'>afferantur</span> <span class='ocrx_word' id='word_1_253' title='bbox 1659 2245 1748 2287; x_wconf 86' lang='lat' dir='ltr'>nisi</span> <span class='ocrx_word' id='word_1_254' title='bbox 1780 2245 1988 2299; x_wconf 88' lang='lat' dir='ltr'>illustres,</span> <span class='ocrx_word' id='word_1_255' title='bbox 2020 2249 2065 2285; x_wconf 89' lang='lat' dir='ltr'>et</span> 
     </span>
     <span class='ocr_line' id='line_1_33' title="bbox 368 2316 2063 2379; baseline -0.013 -2"><span class='ocrx_word' id='word_1_256' title='bbox 368 2340 547 2376; x_wconf 84' lang='lat' dir='ltr'>tantum</span> <span class='ocrx_word' id='word_1_257' title='bbox 578 2333 748 2374; x_wconf 87' lang='lat' dir='ltr'>notatis</span> <span class='ocrx_word' id='word_1_258' title='bbox 781 2330 909 2372; x_wconf 79' lang='lat' dir='ltr'>locis:</span> <span class='ocrx_word' id='word_1_259' title='bbox 962 2328 1024 2369; x_wconf 87' lang='lat' dir='ltr'>At</span> <span class='ocrx_word' id='word_1_260' title='bbox 1056 2326 1093 2367; x_wconf 91' lang='lat' dir='ltr'>si</span> <span class='ocrx_word' id='word_1_261' title='bbox 1125 2321 1305 2379; x_wconf 82' lang='lat' dir='ltr'>quando</span> <span class='ocrx_word' id='word_1_262' title='bbox 1337 2319 1407 2362; x_wconf 87' lang='lat' dir='ltr'>vis</span> <span class='ocrx_word' id='word_1_263' title='bbox 1438 2323 1505 2359; x_wconf 87' lang='lat' dir='ltr'>est</span> <span class='ocrx_word' id='word_1_264' title='bbox 1534 2318 1583 2359; x_wconf 93' lang='lat' dir='ltr'>in</span> <span class='ocrx_word' id='word_1_265' title='bbox 1614 2317 1778 2370; x_wconf 89' lang='lat' dir='ltr'>verbis,</span> <span class='ocrx_word' id='word_1_266' title='bbox 1810 2331 1952 2372; x_wconf 88' lang='lat' dir='ltr'>pauca</span> <span class='ocrx_word' id='word_1_267' title='bbox 1983 2316 2063 2357; x_wconf 89' lang='lat' dir='ltr'>illa</span> 
     </span>
     <span class='ocr_line' id='line_1_34' title="bbox 368 2387 2065 2461; baseline -0.012 -14"><span class='ocrx_word' id='word_1_268' title='bbox 368 2406 503 2447; x_wconf 84' lang='lat' dir='ltr'>verba</span> <span class='ocrx_word' id='word_1_269' title='bbox 535 2406 788 2461; x_wconf 84' lang='lat' dir='ltr'>allegentur</span> <span class='ocrx_word' id='word_1_270' title='bbox 806 2401 956 2459; x_wconf 85' lang='lat' dir='ltr'>potius</span> <span class='ocrx_word' id='word_1_271' title='bbox 980 2413 1058 2454; x_wconf 88' lang='lat' dir='ltr'>per</span> <span class='ocrx_word' id='word_1_272' title='bbox 1076 2394 1357 2437; x_wconf 88' lang='lat' dir='ltr'>infinitiuum</span> <span class='ocrx_word' id='word_1_273' title='bbox 1391 2389 1589 2431; x_wconf 88' lang='lat' dir='ltr'>modum.</span> <span class='ocrx_word' id='word_1_274' title='bbox 1655 2388 1862 2436; x_wconf 77' lang='lat' dir='ltr'>Quinto</span> <span class='ocrx_word' id='word_1_275' title='bbox 1893 2387 2065 2429; x_wconf 89' lang='lat' dir='ltr'>subter-</span> 
     </span>
     <span class='ocr_line' id='line_1_35' title="bbox 368 2458 2063 2532; baseline -0.012 -15"><span class='ocrx_word' id='word_1_276' title='bbox 368 2478 495 2532; x_wconf 80' lang='lat' dir='ltr'>fugia</span> <span class='ocrx_word' id='word_1_277' title='bbox 527 2475 852 2517; x_wconf 83' lang='lat' dir='ltr'>haereticorum</span> <span class='ocrx_word' id='word_1_278' title='bbox 883 2486 975 2513; x_wconf 91' lang='lat' dir='ltr'>non</span> <span class='ocrx_word' id='word_1_279' title='bbox 1007 2464 1326 2517; x_wconf 86' lang='lat' dir='ltr'>coaceruanda,</span> <span class='ocrx_word' id='word_1_280' title='bbox 1380 2460 1457 2502; x_wconf 87' lang='lat' dir='ltr'>sed</span> <span class='ocrx_word' id='word_1_281' title='bbox 1506 2473 1587 2500; x_wconf 85' lang='lat' dir='ltr'>nec</span> <span class='ocrx_word' id='word_1_282' title='bbox 1634 2458 1898 2512; x_wconf 89' lang='lat' dir='ltr'>omittenda,</span> <span class='ocrx_word' id='word_1_283' title='bbox 1950 2472 2063 2512; x_wconf 87' lang='lat' dir='ltr'>quae</span> 
     </span>
     <span class='ocr_line' id='line_1_36' title="bbox 367 2529 2064 2588; baseline -0.011 0"><span class='ocrx_word' id='word_1_284' title='bbox 367 2562 458 2588; x_wconf 89' lang='lat' dir='ltr'>non</span> <span class='ocrx_word' id='word_1_285' title='bbox 492 2547 663 2587; x_wconf 82' lang='lat' dir='ltr'>nullam</span> <span class='ocrx_word' id='word_1_286' title='bbox 714 2544 929 2585; x_wconf 76' lang='lat' dir='ltr'>videntur</span> <span class='ocrx_word' id='word_1_287' title='bbox 974 2539 1137 2581; x_wconf 88' lang='lat' dir='ltr'>habere</span> <span class='ocrx_word' id='word_1_288' title='bbox 1184 2537 1290 2579; x_wconf 84' lang='lat' dir='ltr'>vim.</span> <span class='ocrx_word' id='word_1_289' title='bbox 1354 2534 1519 2575; x_wconf 83' lang='lat' dir='ltr'>Sexto</span> <span class='ocrx_word' id='word_1_290' title='bbox 1566 2530 1819 2571; x_wconf 87' lang='lat' dir='ltr'>rationibus</span> <span class='ocrx_word' id='word_1_291' title='bbox 1864 2529 1944 2572; x_wconf 83' lang='lat' dir='ltr'>vix</span> <span class='ocrx_word' id='word_1_292' title='bbox 1978 2529 2064 2570; x_wconf 89' lang='lat' dir='ltr'>erit</span> 
     </span>
     <span class='ocr_line' id='line_1_37' title="bbox 368 2600 2061 2673; baseline -0.011 -13"><span class='ocrx_word' id='word_1_293' title='bbox 368 2620 503 2671; x_wconf 83' lang='lat' dir='ltr'>locus,</span> <span class='ocrx_word' id='word_1_294' title='bbox 535 2617 623 2658; x_wconf 86' lang='lat' dir='ltr'>nisi</span> <span class='ocrx_word' id='word_1_295' title='bbox 645 2613 926 2673; x_wconf 75' lang='lat' dir='ltr'>paucissimis</span> <span class='ocrx_word' id='word_1_296' title='bbox 947 2616 991 2651; x_wconf 82' lang='lat' dir='ltr'>et</span> <span class='ocrx_word' id='word_1_297' title='bbox 1011 2609 1275 2652; x_wconf 83' lang='lat' dir='ltr'>illustribus,</span> <span class='ocrx_word' id='word_1_298' title='bbox 1327 2602 1590 2659; x_wconf 73' lang='lat' dir='ltr'>Septimo,</span> <span class='ocrx_word' id='word_1_299' title='bbox 1621 2601 1660 2642; x_wconf 86' lang='lat' dir='ltr'>si</span> <span class='ocrx_word' id='word_1_300' title='bbox 1681 2601 1861 2657; x_wconf 87' lang='lat' dir='ltr'>quando</span> <span class='ocrx_word' id='word_1_301' title='bbox 1892 2600 2061 2642; x_wconf 90' lang='lat' dir='ltr'>dissen-</span> 
     </span>
     <span class='ocr_line' id='line_1_38' title="bbox 370 2671 2059 2742; baseline -0.011 -12"><span class='ocrx_word' id='word_1_302' title='bbox 370 2690 490 2730; x_wconf 90' lang='lat' dir='ltr'>tiunt</span> <span class='ocrx_word' id='word_1_303' title='bbox 513 2689 583 2729; x_wconf 76' lang='lat' dir='ltr'>vel</span> <span class='ocrx_word' id='word_1_304' title='bbox 608 2704 632 2728; x_wconf 74' lang='lat' dir='ltr'>a</span> <span class='ocrx_word' id='word_1_305' title='bbox 653 2703 697 2727; x_wconf 72' lang='lat' dir='ltr'>se</span> <span class='ocrx_word' id='word_1_306' title='bbox 733 2685 850 2742; x_wconf 75' lang='lat' dir='ltr'>ipsis,</span> <span class='ocrx_word' id='word_1_307' title='bbox 884 2684 954 2725; x_wconf 78' lang='lat' dir='ltr'>vel</span> <span class='ocrx_word' id='word_1_308' title='bbox 989 2682 1046 2722; x_wconf 79' lang='lat' dir='ltr'>ab</span> <span class='ocrx_word' id='word_1_309' title='bbox 1080 2679 1193 2735; x_wconf 76' lang='lat' dir='ltr'>alijS,</span> <span class='ocrx_word' id='word_1_310' title='bbox 1225 2674 1491 2732; x_wconf 88' lang='lat' dir='ltr'>regulariter</span> <span class='ocrx_word' id='word_1_311' title='bbox 1517 2672 1564 2714; x_wconf 89' lang='lat' dir='ltr'>id</span> <span class='ocrx_word' id='word_1_312' title='bbox 1586 2687 1677 2713; x_wconf 90' lang='lat' dir='ltr'>non</span> <span class='ocrx_word' id='word_1_313' title='bbox 1701 2677 1767 2713; x_wconf 89' lang='lat' dir='ltr'>est</span> <span class='ocrx_word' id='word_1_314' title='bbox 1788 2671 2059 2713; x_wconf 88' lang='lat' dir='ltr'>curandum:</span> 
     </span>
     <span class='ocr_line' id='line_1_39' title="bbox 369 2742 2058 2814; baseline -0.011 -13"><span class='ocrx_word' id='word_1_315' title='bbox 369 2761 413 2801; x_wconf 85' lang='lat' dir='ltr'>id</span> <span class='ocrx_word' id='word_1_316' title='bbox 447 2761 565 2801; x_wconf 87' lang='lat' dir='ltr'>enim</span> <span class='ocrx_word' id='word_1_317' title='bbox 599 2758 682 2814; x_wconf 81' lang='lat' dir='ltr'>ipsi</span> <span class='ocrx_word' id='word_1_318' title='bbox 714 2759 932 2797; x_wconf 73' lang='lat' dir='ltr'>fatentur:</span> <span class='ocrx_word' id='word_1_319' title='bbox 968 2768 1049 2793; x_wconf 88' lang='lat' dir='ltr'>nec</span> <span class='ocrx_word' id='word_1_320' title='bbox 1080 2748 1378 2807; x_wconf 86' lang='lat' dir='ltr'>pugnandum</span> <span class='ocrx_word' id='word_1_321' title='bbox 1410 2760 1511 2786; x_wconf 88' lang='lat' dir='ltr'>cum</span> <span class='ocrx_word' id='word_1_322' title='bbox 1544 2743 1755 2785; x_wconf 87' lang='lat' dir='ltr'>obsoletis</span> <span class='ocrx_word' id='word_1_323' title='bbox 1786 2742 2058 2796; x_wconf 87' lang='lat' dir='ltr'>haeresibus,</span> 
     </span>
     <span class='ocr_line' id='line_1_40' title="bbox 368 2815 2060 2883; baseline -0.011 -10"><span class='ocrx_word' id='word_1_324' title='bbox 368 2831 442 2873; x_wconf 87' lang='lat' dir='ltr'>sed</span> <span class='ocrx_word' id='word_1_325' title='bbox 475 2846 575 2872; x_wconf 86' lang='lat' dir='ltr'>cum</span> <span class='ocrx_word' id='word_1_326' title='bbox 610 2829 676 2883; x_wconf 79' lang='lat' dir='ltr'>ijs,</span> <span class='ocrx_word' id='word_1_327' title='bbox 727 2842 839 2883; x_wconf 76' lang='lat' dir='ltr'>quae</span> <span class='ocrx_word' id='word_1_328' title='bbox 879 2839 999 2866; x_wconf 86' lang='lat' dir='ltr'>nunc</span> <span class='ocrx_word' id='word_1_329' title='bbox 1030 2822 1205 2877; x_wconf 86' lang='lat' dir='ltr'>vigent,</span> <span class='ocrx_word' id='word_1_330' title='bbox 1254 2823 1300 2860; x_wconf 90' lang='lat' dir='ltr'>et</span> <span class='ocrx_word' id='word_1_331' title='bbox 1336 2816 1542 2873; x_wconf 84' lang='lat' dir='ltr'>quotidie</span> <span class='ocrx_word' id='word_1_332' title='bbox 1582 2815 1823 2870; x_wconf 87' lang='lat' dir='ltr'>pullulant,</span> <span class='ocrx_word' id='word_1_333' title='bbox 1870 2828 2060 2869; x_wconf 88' lang='lat' dir='ltr'>quarum</span> 
     </span>
     <span class='ocr_line' id='line_1_41' title="bbox 371 2884 2060 2956; baseline -0.011 -12"><span class='ocrx_word' id='word_1_334' title='bbox 371 2902 603 2956; x_wconf 48' lang='lat' dir='ltr'>catahigus</span> <span class='ocrx_word' id='word_1_335' title='bbox 637 2899 903 2940; x_wconf 73' lang='lat' dir='ltr'>conficiatur</span> <span class='ocrx_word' id='word_1_336' title='bbox 935 2897 979 2935; x_wconf 85' lang='lat' dir='ltr'>in</span> <span class='ocrx_word' id='word_1_337' title='bbox 1010 2898 1015 2946; x_wconf 78' lang='grc' dir='ltr'>Ι</span> <span class='ocrx_word' id='word_1_338' title='bbox 1045 2890 1302 2943; x_wconf 76' lang='lat' dir='ltr'>Germania,</span> <span class='ocrx_word' id='word_1_339' title='bbox 1334 2892 1378 2928; x_wconf 90' lang='lat' dir='ltr'>et</span> <span class='ocrx_word' id='word_1_340' title='bbox 1409 2887 1447 2928; x_wconf 89' lang='lat' dir='ltr'>si</span> <span class='ocrx_word' id='word_1_341' title='bbox 1479 2886 1588 2941; x_wconf 90' lang='lat' dir='ltr'>quid</span> <span class='ocrx_word' id='word_1_342' title='bbox 1619 2885 1727 2928; x_wconf 83' lang='lat' dir='ltr'>novi</span> <span class='ocrx_word' id='word_1_343' title='bbox 1760 2884 2060 2938; x_wconf 86' lang='lat' dir='ltr'>subnascitur,</span> 
     </span>
     <span class='ocr_line' id='line_1_42' title="bbox 368 2957 2062 3027; baseline -0.012 -11"><span class='ocrx_word' id='word_1_344' title='bbox 368 2976 561 3016; x_wconf 81' lang='lat' dir='ltr'>Romam</span> <span class='ocrx_word' id='word_1_345' title='bbox 593 2968 904 3027; x_wconf 60' lang='lat' dir='ltr'>perscribatur.</span> <span class='ocrx_word' id='word_1_346' title='bbox 969 2966 1172 3006; x_wconf 85' lang='lat' dir='ltr'>Octauo</span> <span class='ocrx_word' id='word_1_347' title='bbox 1203 2958 1530 3001; x_wconf 85' lang='lat' dir='ltr'>haereticorum</span> <span class='ocrx_word' id='word_1_348' title='bbox 1563 2957 1833 2999; x_wconf 88' lang='lat' dir='ltr'>obiectiones</span> <span class='ocrx_word' id='word_1_349' title='bbox 1863 2970 1955 2997; x_wconf 89' lang='lat' dir='ltr'>non</span> <span class='ocrx_word' id='word_1_350' title='bbox 1985 2970 2062 3012; x_wconf 90' lang='lat' dir='ltr'>po-</span> 
     </span>
     <span class='ocr_line' id='line_1_43' title="bbox 368 3027 2060 3098; baseline -0.012 -11"><span class='ocrx_word' id='word_1_351' title='bbox 368 3050 535 3086; x_wconf 83' lang='lat' dir='ltr'>nantur</span> <span class='ocrx_word' id='word_1_352' title='bbox 566 3044 613 3083; x_wconf 86' lang='lat' dir='ltr'>in</span> <span class='ocrx_word' id='word_1_353' title='bbox 645 3039 881 3098; x_wconf 83' lang='lat' dir='ltr'>principio,</span> <span class='ocrx_word' id='word_1_354' title='bbox 916 3037 992 3077; x_wconf 84' lang='lat' dir='ltr'>sed</span> <span class='ocrx_word' id='word_1_355' title='bbox 1026 3036 1072 3075; x_wconf 85' lang='lat' dir='ltr'>in</span> <span class='ocrx_word' id='word_1_356' title='bbox 1106 3034 1207 3086; x_wconf 89' lang='lat' dir='ltr'>fine,</span> <span class='ocrx_word' id='word_1_357' title='bbox 1243 3045 1322 3071; x_wconf 78' lang='lat' dir='ltr'>nec</span> <span class='ocrx_word' id='word_1_358' title='bbox 1346 3043 1446 3069; x_wconf 88' lang='lat' dir='ltr'>cum</span> <span class='ocrx_word' id='word_1_359' title='bbox 1467 3027 1830 3083; x_wconf 84' lang='lat' dir='ltr'>amplificatione,</span> <span class='ocrx_word' id='word_1_360' title='bbox 1862 3042 1944 3068; x_wconf 91' lang='lat' dir='ltr'>nec</span> <span class='ocrx_word' id='word_1_361' title='bbox 1965 3027 2060 3068; x_wconf 87' lang='lat' dir='ltr'>sine</span> 
     </span>
     <span class='ocr_line' id='line_1_44' title="bbox 370 3097 2057 3168; baseline -0.012 -9"><span class='ocrx_word' id='word_1_362' title='bbox 370 3115 615 3168; x_wconf 86' lang='lat' dir='ltr'>stomacho,</span> <span class='ocrx_word' id='word_1_363' title='bbox 667 3117 712 3153; x_wconf 89' lang='lat' dir='ltr'>et</span> <span class='ocrx_word' id='word_1_364' title='bbox 758 3109 912 3152; x_wconf 88' lang='lat' dir='ltr'>statim</span> <span class='ocrx_word' id='word_1_365' title='bbox 957 3105 1142 3148; x_wconf 89' lang='lat' dir='ltr'>cuilibet</span> <span class='ocrx_word' id='word_1_366' title='bbox 1180 3100 1436 3159; x_wconf 82' lang='lat' dir='ltr'>propositae</span> <span class='ocrx_word' id='word_1_367' title='bbox 1467 3112 1548 3139; x_wconf 81' lang='lat' dir='ltr'>sua</span> <span class='ocrx_word' id='word_1_368' title='bbox 1579 3097 1744 3138; x_wconf 86' lang='lat' dir='ltr'>solutio</span> <span class='ocrx_word' id='word_1_369' title='bbox 1777 3101 2057 3139; x_wconf 86' lang='lat' dir='ltr'>annectatur.</span> 
     </span>
    </p>
   </div>
  </div>
 </body>
</html>
