2089 3381
624 164 666 200 R.
694 168 739 200 st.
769 166 867 200 1586.
906 164 961 198 De
987 163 1192 207 Scripturis.
1699 153 1754 195 67

66 284 236 328 ciarum
256 283 532 326 Doctoribus
563 283 905 337 communicare,
938 286 991 326 vt
1022 285 1067 324 et
1095 282 1181 339 ipsi
1213 281 1369 338 ijsdem
1404 283 1457 324 de
1488 283 1633 339 rebus,
1666 298 1755 340 quo

64 355 375 411 transigantur
407 355 668 409 consultius,
702 354 959 397 deliberent.
996 379 1048 384 —-

204 426 234 469 J
238 441 310 468 am
342 440 449 469 vero
481 431 533 469 vt
565 441 591 467 a
621 425 869 480 Theologia
895 424 975 466 fiat
993 424 1191 478 initium,
1226 424 1281 466 ad
1304 424 1397 467 eius
1418 424 1758 468 informandum

65 497 264 540 studium
297 512 411 553 quae
441 497 684 554 pertinent,
717 496 767 538 in
799 495 947 552 capita
979 495 1201 551 quaedam
1234 494 1504 538 tribuentur.
1555 496 1758 538 Primum

64 568 184 609 enim
225 567 278 609 de
320 567 584 625 Scripturis:
632 566 807 608 Deinde
839 566 892 608 de
923 565 1172 622 Theologia
1205 565 1505 609 Scholastica:
1558 567 1673 609 Tum
1706 566 1760 608 de

65 639 415 681 Controuersiis:
448 639 679 680 Postremo
712 637 766 679 de
798 636 1109 679 Conscientiae
1140 637 1316 679 casibus
1347 637 1603 680 disseretur.

828 1164 920 1206 Nr.
946 1165 991 1205 9.

673 1268 753 1332 De
799 1267 1149 1347 Scripturis.
1325 1337 1330 1341 .
1780 1307 1810 1330 p.
1829 1300 1874 1324 20.

206 1424 343 1468 Omni
383 1438 489 1466 sane
530 1423 820 1465 contentione
866 1422 1122 1465 conandum
1160 1422 1356 1477 videtur,
1404 1426 1456 1466 vt
1502 1422 1762 1465 diuinarum

67 1495 403 1553 Scripturarum
425 1494 641 1549 studium,
675 1494 796 1551 quod
818 1494 936 1551 apud
958 1494 1149 1536 Nostros
1168 1508 1329 1551 parum
1349 1494 1489 1549 viget,
1523 1493 1759 1550 excitetur,

66 1570 202 1622 atque
233 1565 494 1608 efflorescat.
557 1565 630 1608 Ad
660 1565 708 1608 id
739 1565 860 1607 enim
890 1580 973 1608 nos
1003 1564 1244 1608 hortantur
1264 1565 1468 1622 exempla
1491 1565 1761 1608 Sanctorum

65 1637 268 1692 Patrum,
315 1637 394 1693 qui
440 1651 613 1694 semper
650 1636 810 1679 Vtilius
854 1641 989 1693 atque
1030 1636 1264 1679 honestius
1311 1650 1403 1678 esse
1448 1640 1669 1693 putarunt
1713 1636 1763 1679 in

65 1707 334 1765 Scripturas,
367 1722 502 1764 quam
533 1707 583 1749 in
613 1711 684 1749 tot
714 1707 996 1763 quaestiones
1025 1707 1312 1749 incumbere:
1352 1712 1397 1749 et
1427 1707 1575 1750 Deum
1608 1707 1763 1750 audire

65 1779 325 1835 loquentem
365 1794 445 1836 per
482 1778 733 1836 Prophetas
776 1782 821 1821 et
858 1778 1103 1835 Apostolos
1143 1792 1260 1833 suos,
1307 1793 1442 1834 quam
1488 1778 1538 1821 in
1583 1778 1764 1822 Nostris

66 1850 419 1906 cogitationibus
466 1865 518 1892 ac
567 1849 954 1908 speculationibus
991 1864 1314 1892 consenescere.
1396 1849 1619 1906 Magnum
1659 1865 1765 1892 sane

64 1921 336 1978 praesidium
367 1921 597 1964 Ecclesiae
628 1921 827 1978 positum
856 1921 1037 1964 videtur
1067 1920 1116 1963 in
1138 1920 1420 1963 scholasticis
1442 1920 1764 1977 disputationi-

65 1992 162 2045 bus,
212 1991 288 2034 sed
331 1992 468 2048 longe
506 1992 652 2035 maius
691 1993 740 2034 in
777 2006 883 2035 vero
923 2007 974 2035 ac
1017 2006 1233 2049 germano
1274 1992 1601 2049 scripturarum
1633 2006 1765 2034 sensu

64 2063 425 2120 peruestigando,
458 2078 513 2105 ex
543 2063 600 2119 ijs
632 2064 753 2106 enim
785 2063 1083 2106 desumendae
1115 2067 1221 2106 sunt
1252 2063 1487 2117 veritates,
1519 2063 1569 2105 in
1601 2063 1764 2119 quibus

66 2134 346 2191 explicandis
377 2134 635 2177 scholastici
664 2138 926 2188 Versantur3
959 2138 1012 2177 vt
1043 2134 1392 2177 commentarios
1424 2134 1549 2191 sequi
1578 2134 1766 2177 videan-

65 2209 152 2260 tur,
182 2205 338 2247 relicto
371 2209 512 2260 textu,
555 2205 634 2262 qui
674 2221 719 2247 se
759 2209 879 2248 totos
916 2204 1221 2248 Scholasticae
1251 2205 1526 2261 Theologiae
1564 2205 1765 2260 tradunt,

66 2274 328 2332 posthabita
368 2275 600 2318 soliditate
648 2277 995 2334 Scripturarum.
1057 2277 1158 2318 Hoc
1207 2280 1274 2318 est
1316 2276 1446 2332 quasi
1493 2275 1680 2319 mutilos
1721 2280 1767 2318 et

66 2360 249 2388 mancos
279 2345 525 2389 informare
554 2347 827 2404 Theologos;
861 2362 950 2403 qua
980 2347 1030 2389 in
1060 2361 1107 2389 re
1138 2348 1306 2391 Nostra
1327 2347 1530 2391 Societas
1559 2362 1653 2390 non
1684 2362 1763 2390 au-

68 2416 136 2459 dit
167 2416 348 2474 optime,
387 2432 489 2459 cum
521 2418 729 2461 certatim
760 2417 818 2460 ad
850 2418 1173 2461 Scholasticam
1212 2422 1523 2472 concurratur;
1564 2418 1766 2476 Scriptu-

66 2502 141 2530 rae
170 2502 277 2531 vero
309 2487 511 2531 modicus
549 2489 684 2547 plane
724 2489 784 2531 sit
824 2489 980 2544 honor,
1021 2489 1281 2532 exercitatio
1322 2490 1464 2534 nulla.
1534 2490 1767 2533 Constitu-

68 2558 215 2601 tiones
247 2563 364 2602 certe
394 2574 487 2602 non
519 2560 845 2603 Scholasticam
876 2560 1035 2615 solum,
1079 2560 1157 2603 sed
1196 2560 1451 2618 Scripturas
1488 2561 1626 2604 etiam
1665 2560 1767 2603 dili-

68 2633 226 2686 genter
256 2631 521 2687 pertractari
552 2631 710 2675 iubent
739 2632 790 2674 P.
811 2635 852 2674 4.
874 2647 910 2673 c.
937 2635 1003 2676 12.
1028 2633 1065 2688 ξ.
1089 2635 1126 2676 1.
1198 2630 1332 2681 Quod
1369 2632 1454 2674 etsi
1492 2647 1572 2689 per
1611 2647 1656 2674 se
1693 2646 1766 2674 ex-

67 2700 315 2756 petendum
347 2700 407 2742 sit
437 2701 598 2757 quouis
629 2706 842 2759 tempore,
885 2702 1123 2759 praecipue
1163 2706 1316 2745 tamen
1357 2703 1443 2746 hac
1481 2706 1766 2760 tempestate,

68 2785 171 2812 cum
201 2770 415 2813 haeretici
446 2787 472 2813 a
504 2772 785 2815 Scholastica
815 2773 872 2815 ad
903 2774 1183 2830 Scripturam
1213 2778 1465 2830 prouocant
1494 2774 1765 2827 Catholicos,

69 2855 179 2897 quos
209 2841 258 2883 in
295 2845 390 2884 tam
428 2847 583 2885 sancto
621 2844 787 2900 pioque
826 2844 1161 2886 exercitationis
1199 2859 1360 2900 genere
1389 2848 1394 2902 Ι
1423 2845 1480 2888 ab
1511 2844 1767 2888 Haereticis
1786 2869 1814 2892 p.
1836 2860 1880 2884 n.

68 2911 205 2966 vinci,
237 2912 549 2969 turpissimum
581 2918 667 2956 est:
706 2915 842 2971 longe
874 2929 980 2957 vero
1012 2914 1337 2971 faedissimum,
1372 2917 1492 2973 quod
1524 2916 1574 2958 in
1605 2917 1767 2958 Trans-

69 2981 234 3038 alpinis
274 2982 438 3025 accidit
476 2984 749 3041 regionibus,
801 2985 1071 3041 Catholicos,
1120 2985 1199 3042 qui
1240 2986 1576 3044 Scripturarum
1617 2984 1766 3027 studio

71 3050 361 3108 delectantur,
401 3067 505 3096 cum
537 3069 636 3097 eam
666 3056 938 3112 Theologiae
968 3060 1143 3113 partem
1173 3056 1319 3099 iacere
1361 3057 1481 3113 apud
1512 3054 1768 3099 Catholicos

1504 3137 1547 3174 5*
