2148 3402
502 200 545 238 R.
571 205 617 237 st.
644 200 746 238 1586.
797 198 969 237 Detentus
997 196 1205 246 opinionum
1232 202 1342 237 theol.
1691 193 1777 236 209

219 314 287 355 De
319 315 526 369 caeteris,
561 329 677 370 quae
710 315 766 356 ad
801 315 1113 356 Conscientiae
1145 315 1285 356 Casus
1318 315 1563 371 pertinent,
1599 317 1774 357 nullum

77 384 224 426 adhuc
257 399 444 426 examen
475 384 683 427 habitum
717 392 795 427 est.
858 385 912 426 Id
945 385 1063 426 enim
1100 389 1145 425 et
1178 386 1279 441 plus
1321 387 1535 442 temporis
1567 392 1611 427 et
1644 388 1777 442 longe

76 456 210 498 aliam
244 456 470 497 desiderat
504 457 839 498 tractationem.

680 589 751 637 Ex
790 588 955 637 Tertia
992 589 1149 640 Parte.

219 697 256 737 1.
290 694 358 734 De
390 693 539 748 rigore
570 693 792 747 iustitiae,
834 709 922 748 quo
956 694 1088 735 modo
1123 693 1331 735 Christus
1365 694 1604 748 satisfecit,
1641 710 1779 751 purus

75 764 209 806 homo
249 779 349 806 cum
394 765 555 820 quauis
596 764 746 820 gratia
784 765 869 805 Dei
916 779 1008 806 non
1059 765 1210 820 potuit
1247 780 1327 820 pro
1372 770 1557 821 peccato
1596 767 1777 807 mortali

76 835 346 877 satisfacere.
410 851 451 892 q.
490 839 526 880 1.
561 850 599 878 a.
634 839 672 880 2.

215 923 255 963 2.
296 920 561 961 Η1111161111111
618 918 936 976 Suppositum,
1001 919 1121 974 quod
1177 923 1432 976 assumptae
1487 920 1778 962 Humanitati

74 990 211 1045 deest,
253 990 505 1032 formaliter
536 990 798 1047 superaddit
829 994 1019 1032 naturae
1050 990 1294 1046 positivam
1327 991 1563 1033 entitatem
1597 997 1642 1033 et
1674 993 1781 1033 rati—

73 1076 217 1117 onem,
251 1076 339 1118 qua
372 1066 537 1104 natura
568 1061 787 1103 subsistit.
852 1077 894 1117 q.
927 1064 968 1105 4.
1003 1076 1041 1103 a.
1077 1065 1116 1105 2.

215 1148 254 1190 3.
288 1146 343 1186 In
368 1145 538 1187 Christi
563 1145 737 1186 ratione
769 1145 1009 1202 superiore,
1044 1160 1135 1186 non
1167 1145 1349 1200 quidem
1383 1150 1434 1188 vt
1465 1146 1779 1190 considerante

75 1221 283 1272 aeterna,
324 1217 400 1258 sed
440 1217 709 1273 temporalia
748 1221 930 1273 propter
970 1216 1168 1259 rationes
1201 1221 1429 1271 aeternas,
1470 1218 1559 1259 fuit
1590 1219 1779 1261 tristitia

72 1303 125 1329 ex
158 1289 356 1345 peccatis
390 1288 641 1330 hominum.
705 1302 746 1343 q.
780 1291 850 1331 46.

213 1374 255 1415 4.
289 1372 565 1414 Humanitas
598 1370 768 1414 Christi
799 1371 908 1413 licet
942 1371 1123 1428 propria
1155 1376 1306 1413 careat
1339 1372 1645 1432 subsistentia,
1678 1390 1780 1431 pro-

71 1443 171 1499 pria
207 1448 359 1485 tamen
400 1443 557 1484 existit
604 1442 859 1484 existentia.
924 1442 991 1482 De
1030 1441 1115 1484 1166
1156 1442 1398 1485 existentia
1431 1445 1697 1500 praesertim
1732 1448 1776 1488 S.

72 1514 292 1557 Thomam
313 1515 482 1569 Nostri,
515 1519 652 1570 prout
677 1513 838 1569 cuique
859 1512 1104 1568 videbitur,
1137 1513 1510 1570 interpretentur.
1544 1531 1585 1571 q.
1602 1520 1667 1561 17.
1687 1521 1775 1561 62.

214 1600 254 1642 5.
288 1598 343 1640 In
375 1598 582 1655 passione
615 1601 660 1638 et
682 1601 837 1652 morte,
871 1596 925 1637 de
947 1611 1036 1652 qua
1059 1596 1267 1639 Christus
1289 1598 1451 1640 habuit
1471 1605 1775 1657 praeceptum,

70 1667 235 1710 meruit
267 1668 514 1710 secundum
549 1673 676 1710 actus
707 1668 844 1709 etiam
876 1668 1191 1710 substantiam.
1255 1684 1295 1724 q.
1334 1673 1399 1714 19.
1435 1685 1472 1712 a.
1510 1675 1548 1714 1.

214 1755 253 1796 6.
289 1752 515 1807 Christus,
562 1767 616 1794 ne
647 1758 700 1793 ut
730 1751 864 1793 homo
898 1751 1102 1807 quidem,
1147 1756 1214 1793 est
1246 1753 1333 1794 Dei
1366 1753 1487 1796 filius
1518 1754 1774 1811 adoptiuus

70 1838 111 1878 q.
147 1826 216 1868 23.
251 1840 290 1866 6.
323 1827 364 1868 4.

213 1911 252 1951 7.
285 1908 429 1949 Beata
459 1907 604 1949 Maria
636 1912 682 1947 et
711 1906 801 1949 fuit
841 1911 1057 1963 concepta
1095 1908 1190 1949 sine
1231 1913 1414 1964 peccato
1455 1909 1689 1964 originali,
1733 1916 1778 1952 et

71 1978 126 2019 de
175 1992 375 2034 congruo
423 1983 605 2020 tantum
653 1978 818 2019 meruit
860 1992 952 2019 esse
991 1982 1135 2019 mater
1170 1979 1269 2021 Dei.
1333 1996 1375 2035 q.
1409 1984 1448 2024 2.
1484 1997 1521 2025 a.
1555 1985 1595 2025 2.
1659 1997 1700 2038 q.
1737 1986 1775 2026 2.

71 2064 109 2093 6.
147 2053 214 2093 11.
280 2050 401 2105 [sm]

213 2136 252 2176 8.
285 2134 505 2175 Homines
536 2133 670 2188 Deus,
710 2133 847 2174 etiam
879 2133 927 2174 in
960 2134 1238 2189 particulari,
1273 2149 1325 2175 ex
1358 2136 1564 2190 praeuiso
1607 2136 1777 2178 Christi

70 2205 231 2246 merito
263 2204 402 2260 elegit
434 2219 485 2247 66
516 2204 895 2262 praedestinauit:
946 2206 1130 2246 tametsi
1168 2205 1250 2246 hos
1288 2206 1459 2261 potiUS,
1499 2221 1633 2262 quam
1674 2208 1777 2248 illos

69 2276 258 2330 elegerit
288 2276 645 2333 independenter
678 2275 734 2317 ab
777 2275 900 2317 omni
934 2281 1085 2317 creata
1118 2276 1376 2331 voluntate,
1420 2277 1558 2319 etiam
1591 2278 1774 2321 Christi.

71 2362 112 2402 q.
148 2350 217 2391 24.
252 2361 290 2390 a.
326 2350 364 2391 2.
431 2347 493 2388 Et
524 2362 567 2403 p.
605 2352 642 2391 1.
677 2363 719 2403 q.
753 2349 825 2391 23.
858 2362 897 2390 a.
932 2349 971 2391 5.

214 2432 253 2474 9.
288 2429 508 2472 Effectiue
555 2444 606 2471 ac
646 2430 839 2486 Physice
887 2435 1161 2472 concurrunt
1207 2435 1252 2471 et
1293 2431 1463 2472 Christi
1501 2432 1777 2474 Humanitas

72 2500 129 2541 ad
161 2499 398 2555 miracula,
444 2505 489 2541 et
528 2500 763 2556 gehennae
804 2501 926 2556 ignis
966 2501 1022 2542 ad
1061 2501 1248 2557 spiritus
1287 2502 1568 2544 cruciandos.
1632 2519 1673 2559 q.
1708 2507 1774 2548 13.

73 2585 113 2611 a.
149 2574 188 2614 2.
253 2571 312 2612 Et
342 2585 384 2626 q.
417 2573 487 2615 46.
522 2585 561 2612 a.
596 2574 636 2615 6.

217 2655 284 2697 10.
318 2653 610 2695 Circumcisio
641 2669 724 2695 nec
758 2654 968 2697 adultum
1000 2656 1199 2698 faciebat
1231 2672 1285 2698 ex
1318 2657 1477 2699 attrito
1511 2660 1772 2714 contritum,

72 2739 153 2766 nec
199 2728 378 2780 praeter
423 2724 619 2780 gratiam
662 2725 787 2782 operi
833 2728 1063 2782 operantis
1116 2728 1460 2784 respondentem
1514 2730 1775 2772 conferebat

74 2795 213 2838 alium
245 2796 435 2851 gradum
470 2796 631 2837 attrito
665 2801 776 2838 tunc
809 2798 880 2840 Vel
915 2804 1060 2843 antea.
1125 2814 1165 2854 q.
1200 2802 1269 2843 62.
1303 2814 1341 2844 a.
1377 2803 1417 2844 6.

220 2881 286 2923 11.
320 2878 486 2920 Inuitis
517 2879 780 2934 parentibus
811 2884 856 2921 et
886 2881 1115 2923 tutoribus
1147 2880 1407 2922 infidelibus
1438 2882 1636 2925 infantes
1668 2883 1775 2938 bap—

75 2949 215 2991 tizare
246 2963 338 2991 non
369 2950 496 3004 licet,
539 2964 641 2991 cum
681 2956 787 2992 sunt
820 2952 902 2992 sub
944 2957 1168 3007 potestate
1200 2956 1424 3006 tutorum,
1462 2954 1533 2995 Vel
1568 2958 1774 3009 parentes

76 3024 180 3061 sunt
204 3020 432 3076 mancipia
455 3020 830 3074 Christianorum,
864 3023 935 3063 Vel
969 3023 1058 3064 iam
1091 3023 1299 3065 morituri
1328 3029 1446 3077 sunt,
1478 3025 1567 3065 nisi
1589 3025 1771 3065 subuer-

77 3090 142 3130 sio
174 3090 247 3131 vel
279 3090 542 3131 scandalum
574 3091 801 3135 timeatur.
864 3108 905 3146 q.
941 3097 995 3137 (58
1045 3110 1081 3138 a.
1120 3098 1186 3138 10.

185 3183 370 3209 Mon-inmuta
389 3187 562 3209 ‹jez-munnae
587 3185 780 3215 Paedagonva
800 3186 822 3210 V
1446 3179 1488 3213 14

1797 1784 1824 1806 p.
1838 1776 1899 1800 313.
