2148 3402
663 204 706 239 R.
722 209 768 240 st..
786 203 886 239 1586.
921 201 1069 249 Lingua
1094 204 1244 239 Graeca.
1706 191 1787 237 163

89 324 350 378 negandum
407 324 602 378 videtur,
657 325 798 366 ullam
854 324 1015 365 iccirco
1066 322 1114 363 in
1162 322 1338 363 Latinis
1394 323 1646 365 faciendam
1696 340 1787 366 0330

87 395 327 449 iacturam,
361 400 459 436 tum
494 396 613 451 quod
646 411 700 436 ex
734 394 883 449 quinis
913 394 1036 435 horis
1069 393 1349 448 quotidianis
1379 395 1573 435 Graecae
1607 395 1788 450 linguae

93 466 361 507 semihoram
405 471 584 508 tantum
625 466 765 508 tribui
804 465 914 507 satis
958 470 1090 518 esset,
1134 479 1268 519 quam
1301 464 1571 506 semihoram
1604 480 1731 522 saepe
1763 483 1788 507 a

87 536 321 591 Magistris
369 537 477 593 ipsis
526 537 732 578 auditum
780 541 866 590 est,
905 551 1005 577 cum
1048 535 1267 589 dicerent,
1314 551 1367 577 ex
1408 535 1585 577 Latinis
1626 538 1789 579 exerci-

87 607 339 649 tationibus
384 622 630 664 superesse3
680 613 777 649 tum
819 607 940 662 quod
978 622 1024 647 re
1056 607 1154 662 ipsa
1187 612 1465 663 compertum
1506 613 1573 648 est
1606 623 1708 649 cum
1741 609 1787 649 in

87 678 186 733 alijs
226 679 354 732 locis,
400 683 497 720 tum
537 679 585 719 in
626 680 832 720 Romano
874 678 1076 733 Collegio
1116 678 1304 719 nullum
1342 682 1577 735 propterea
1606 680 1610 732 Ι
1640 679 1909 729 1111011’1,,.2;,·ῑ.

87 749 262 790 Latinis
293 749 459 790 litteris
491 750 823 791 detrimentum.
886 750 1003 791 Nam
1036 754 1080 790 et
1111 749 1159 790 in
1192 750 1348 791 Prima
1380 750 1516 791 classe
1551 751 1784 793 Gramma-

86 820 201 862 ticae
243 826 287 862 et
327 820 375 861 in
409 821 614 863 Secunda
646 835 824 876 quoque
865 835 918 862 ac
950 821 1101 862 Tertia
1141 825 1245 862 ante
1278 821 1454 876 aliquot
1485 836 1628 864 annos
1659 823 1784 879 pueri

88 891 292 946 quotidie
326 891 598 933 semihoram
637 891 685 932 in
718 891 904 933 Graecis
941 891 1200 948 ponebant,
1245 907 1333 947 quo
1374 896 1573 949 tempore
1605 894 1654 934 P.
1688 894 1784 935 Mo-

84 963 201 1004 rales
232 962 453 1005 Visitator
483 963 599 1004 nihil
631 963 804 1004 censuit
835 962 1192 1016 immutandum,
1238 968 1373 1018 atque
1413 964 1523 1005 adeo
1555 964 1780 1020 probavit.

85 1034 150 1074 At
186 1049 265 1090 per
303 1048 376 1075 eos
407 1048 548 1075 annos
590 1049 644 1075 ex
682 1033 971 1075 inferioribus
1003 1034 1219 1075 classibus
1251 1035 1310 1076 ad
1343 1034 1601 1090 Superiores
1631 1035 1696 1076 ita
1728 1036 1782 1077 de

85 1120 207 1146 more
246 1105 413 1161 gradus
454 1111 520 1147 est
560 1105 728 1160 factus,
761 1110 833 1160 vt,
873 1106 953 1161 qui
985 1110 1092 1146 tunc
1125 1104 1337 1160 magistri
1369 1119 1421 1146 ac
1453 1105 1679 1147 Praefecti
1711 1121 1780 1148 res

84 1176 219 1217 hasce
250 1177 530 1232 tractabant,
562 1192 797 1233 nunquam
829 1177 902 1219 vel
934 1176 1074 1233 ipsius
1105 1177 1296 1218 Latinae
1328 1176 1514 1231 linguae
1546 1177 1780 1232 peritiores

85 1245 221 1289 fuisse
254 1247 498 1304 discipulos
530 1248 880 1290 recordarentur.

225 1317 350 1368 Quae
396 1334 499 1360 cum
542 1319 608 1361 ita
655 1319 766 1374 sint,
813 1334 959 1375 neque
1006 1319 1137 1361 obrui
1174 1333 1415 1375 puerorum
1462 1319 1649 1376 ingenia
1687 1320 1779 1362 dici

83 1394 250 1447 potest,
291 1390 412 1446 quod
449 1390 642 1432 secundo
681 1391 779 1433 loco
812 1390 1046 1433 consueuit
1079 1390 1266 1447 opponi,
1301 1405 1401 1432 cum
1434 1396 1592 1433 contra
1623 1391 1777 1448 potius

82 1466 214 1517 grata
259 1461 455 1516 quadam
501 1461 816 1504 vicissitudine
869 1477 921 1503 ac
967 1462 1185 1504 varietate
1231 1461 1419 1504 mirifice
1467 1462 1774 1516 subleuentur,

83 1533 343 1588 praesertim
375 1532 414 1574 si
444 1547 513 1574 res
544 1533 765 1589 paulatim
797 1548 849 1575 ac
879 1533 1044 1574 sensim
1075 1532 1259 1574 illorum
1290 1532 1454 1574 animis
1484 1534 1776 1575 instillentur.

83 1604 201 1646 Nam
232 1619 346 1659 quae
387 1604 482 1645 sola
520 1619 658 1662 prope
690 1605 908 1646 memoria
947 1603 1177 1659 indigent,
1223 1619 1274 1646 ea
1312 1605 1457 1646 multo
1493 1605 1673 1646 facilius
1724 1620 1776 1647 ac

81 1674 253 1729 melius,
291 1675 500 1731 quamuis
532 1676 679 1717 multa
718 1676 811 1717 sint
849 1691 900 1718 ac
939 1675 1135 1730 minuta,
1185 1675 1495 1731 percipiuntur
1541 1691 1568 1718 a
1605 1678 1774 1733 pueris:

82 1747 345 1803 grandiores
375 1761 503 1802 Ver0,
544 1747 621 1803 qui
651 1748 787 1804 paulo
819 1747 920 1804 plus
950 1747 1140 1801 iudicio,
1180 1746 1330 1788 minus
1361 1748 1577 1790 memoria
1607 1749 1774 1803 valent,

82 1817 405 1860 flectendorum
453 1819 703 1861 Nominum
748 1822 882 1875 atque
914 1819 1168 1862 Verborum
1206 1822 1469 1875 caeteraque
1515 1819 1776 1863 huiusmodi

82 1889 263 1946 spinosa
303 1889 532 1932 ediscendi
569 1890 825 1932 molestiam
862 1889 1173 1932 reformidant.
1237 1890 1301 1932 At
1344 1905 1433 1946 quo
1474 1905 1598 1933 nunc
1639 1891 1774 1934 modo

84 1959 176 2002 11113
208 1961 383 2003 Graeca
413 1961 670 2016 traduntur,
710 1976 814 2004 vere
845 1962 976 2004 obrui
1005 1961 1220 2004 videntur
1250 1961 1454 2018 ingenia,
1500 1977 1602 2004 011111
1638 1963 1773 2005 31111111

79 2030 170 2073 fere
223 2046 275 2074 ac
336 2032 600 2074 breuissimo
646 2037 866 2089 tempore,
922 2033 1204 2089 prouectiore
1256 2033 1349 2075 iam
1403 2037 1568 2088 aetate,
1622 2033 1774 2075 adole-

85 2106 256 2144 scentes
281 2103 528 2158 Historiae,
561 2103 795 2146 Oratoriae
818 2104 1119 2160 Poeticaeque
1148 2104 1257 2146 artis
1288 2119 1340 2147 ac
1360 2104 1545 2160 linguae
1576 2105 1774 2147 Graecae

82 2174 332 2232 praeceptis
363 2179 408 2217 et
438 2174 838 2217 exercitationibus
868 2175 1193 2233 opprimantur.

40 2301 45 2304 ‚
223 2246 288 2288 At
306 2245 443 2288 etiam
462 2246 541 2302 qui
560 2260 675 2301 suos,
708 2247 849 2301 aiunt,
883 2247 940 2288 ad
967 2247 1125 2289 ludum
1151 2251 1356 2289 nostrum
1380 2247 1548 2290 liberos
1567 2248 1773 2303 mittunt,

82 2316 174 2359 fere
206 2317 259 2359 de
292 2317 476 2360 Graecis
505 2317 671 2360 litteris
700 2332 793 2360 non
823 2317 1046 2360 laborant.
1107 2319 1253 2360 Immo
1283 2333 1389 2361 vero
1420 2319 1556 2361 multi
1585 2319 1775 2361 fortasse

83 2393 315 2445 propterea
345 2403 438 2431 non
467 2389 673 2445 mittunt,
705 2389 828 2446 quod
851 2390 1023 2432 Graeca
1054 2389 1103 2431 in
1134 2389 1351 2432 classibus
1370 2390 1662 2432 inferioribus
1682 2405 1776 2432 non

84 2460 337 2503 tradantur.
367 2461 373 2516 Ι
401 2460 621 2503 Nonnulli
652 2460 808 2516 etiam,
848 2461 926 2516 qui
957 2460 1168 2516 mittunt,
1209 2466 1261 2504 vt
1291 2461 1362 2503 his
1395 2462 1563 2504 Graece
1596 2477 1814 2518 quoquep.
1837 2479 1899 2505 238.

85 2530 251 2573 discere
301 2531 455 2586 liceat,
509 2532 688 2588 magnis
742 2547 767 2574 a
812 2531 944 2574 nobis
996 2532 1203 2589 precibus
1257 2533 1553 2575 contendunt.
1628 2533 1774 2576 Nemo

85 2616 307 2658 vnquam,
354 2603 433 2658 qui
476 2602 654 2658 sciatur,
700 2603 944 2658 recusauit,
991 2618 1079 2659 quo
1118 2603 1267 2646 minus
1306 2604 1527 2647 Graecam
1566 2604 1775 2660 linguam

85 2673 167 2727 sui,
199 2673 308 2715 dum
340 2673 487 2715 adhuc
518 2680 625 2716 sunt
656 2674 798 2731 pueri,
832 2674 1108 2717 docerentur.
1170 2675 1234 2717 At
1263 2690 1386 2717 nunc
1407 2690 1510 2718 suos
1529 2675 1621 2717 iam
1642 2691 1775 2732 gran-

87 2742 231 2785 diores
262 2744 404 2786 literis
434 2744 556 2786 hisce
588 2744 782 2802 incipere
814 2745 992 2787 studere
1013 2760 1114 2788 cum
1135 2746 1306 2802 vident,
1339 2747 1473 2788 multi
1493 2747 1627 2790 valde
1648 2762 1774 2790 recu-

87 2819 204 2869 sant3
253 2820 424 2872 negant
464 2815 584 2857 enim
620 2816 669 2858 id
706 2817 805 2859 fieri
841 2831 969 2873 posse
1005 2817 1100 2859 sine
1131 2817 1324 2860 Latinae
1362 2818 1546 2874 linguae
1576 2819 1772 2884 iactura3

87 2886 219 2927 malle
257 2901 302 2928 se
340 2901 444 2929 suos
481 2887 646 2929 liberos
684 2902 825 2930 vnum
862 2892 942 2930 aut
974 2888 1166 2930 alterum
1198 2904 1368 2931 annum
1398 2888 1573 2932 vtiliter
1603 2889 1653 2931 in
1683 2890 1774 2932 La-

88 2955 197 2998 tinis
228 2961 427 3013 tantum,
462 2973 599 3015 quam
628 2959 678 3001 in
707 2959 911 3015 vtrisque
942 2959 1040 3002 sine
1072 2959 1226 3003 fructu
1258 2975 1531 3003 consumere.

228 3028 292 3070 At
343 3044 450 3072 vero
503 3029 697 3073 veniunt
747 3030 804 3072 ad
857 3044 939 3072 nos
999 3031 1229 3074 interdum
1287 3032 1367 3088 qui
1429 3032 1544 3074 nihil
1591 3030 1775 3073 omnino

90 3097 279 3155 Graece,
317 3100 483 3142 Latine
518 3100 690 3156 aliquid
727 3101 885 3143 sciant.
947 3102 1070 3144 Huic
1108 3102 1394 3145 incommodo
1432 3102 1566 3144 facile
1597 3101 1778 3144 videtur

1498 3185 1562 3218 11*
