2153 3467
296 180 384 222 500

295 307 596 362 scribendum,
629 307 705 349 sed
737 307 874 349 etiam
914 311 1117 349 auctores
1148 306 1349 362 legendi,
1381 311 1433 349 vt

299 379 369 421 illi
400 382 579 423 notant.

442 453 511 494 23.
577 449 708 492 Circa
746 449 865 491 hanc
902 450 1108 505 regulam
1149 448 1287 490 etiam
1327 448 1432 489 affe-

296 526 463 564 runtur
495 521 664 576 aliqua;
699 520 775 562 sed
797 536 900 563 cum
921 520 1079 575 regula
1099 519 1234 573 dicat,
1268 523 1320 561 vt
1341 534 1434 562 cor-

296 593 420 648 rigat
460 606 598 648 quam
635 592 854 648 plurimas
885 595 1053 648 potest:
1090 590 1220 633 Nihil
1251 589 1433 632 videtur

297 662 650 720 dispensationis
682 677 791 719 opus
823 662 998 714 habere,
1032 675 1113 702 nec
1145 661 1285 702 etiam
1318 661 1435 702 circa

296 734 596 776 correctiones
642 734 865 790 priuatas,
911 732 1017 787 quia
1065 746 1273 788 expressa
1317 731 1432 789 [-—e]

295 806 406 847 hae-c
437 806 594 861 regula
627 804 750 858 dicit,
787 804 962 858 aliquas
984 818 1076 845 esse
1096 802 1275 859 publice
1298 802 1435 844 corri-

296 877 468 933 gendas
502 892 554 918 ex
588 875 784 932 optimiS,
817 874 978 916 mediis
1012 879 1057 916 et
1088 873 1281 927 infimis,
1316 874 1436 930 quod

297 947 441 1003 aliqui
472 947 724 1002 requirunt.

439 1020 507 1062 33.
571 1018 696 1059 Haec
729 1016 828 1072 agit
861 1016 914 1058 de
948 1015 1232 1059 orationibus
1262 1019 1307 1058 et
1338 1031 1433 1058 car-

298 1090 518 1143 minibus,
574 1088 759 1130 alternis
812 1087 1045 1130 sabbathis
1105 1087 1325 1129 habendis
1386 1087 1434 1129 in

297 1160 597 1202 Humanitate
618 1164 661 1201 et
678 1159 938 1213 Rhetorica,
964 1158 1085 1214 quod
1109 1158 1253 1214 aliqui
1275 1158 1434 1200 dicunt

298 1232 395 1273 fieri
426 1246 518 1272 non
550 1246 701 1288 posse,
736 1234 919 1286 propter
959 1230 1283 1286 discipulorum
1314 1229 1435 1271 rudi-

298 1308 450 1344 tatem.
515 1302 657 1344 Nobis
698 1301 865 1343 idcirco
907 1316 999 1343 non
1031 1300 1211 1342 uidetur
1242 1301 1437 1357 petenda

299 1376 434 1416 etiam
458 1373 533 1415 hic
556 1373 849 1429 dispensatio,
874 1372 992 1428 quia,
1015 1372 1095 1414 vbi
1112 1371 1287 1413 ruditas
1304 1376 1437 1414 tanta

298 1451 377 1500 est,
410 1446 509 1502 ipsa
540 1433 884 1501 impossibilitas
922 1444 1165 1500 dispensat,
1199 1443 1275 1485 sed
1307 1458 1435 1499 saepe

299 1522 432 1559 erunt
464 1516 616 1558 idonei
649 1515 873 1572 discipuli,
907 1519 951 1556 et
984 1514 1246 1569 curandum,
1280 1519 1331 1556 vt
1364 1530 1430 1571 ap-

299 1593 454 1629 tentur
498 1587 722 1643 discipuli.
787 1586 919 1635 Quod
967 1586 1161 1628 multum
1205 1585 1436 1649 conducet7

300 1662 335 1701 si
370 1660 416 1700 in
450 1658 741 1700 inferioribus
765 1657 929 1699 scholis
953 1657 1163 1715 discipuli
1186 1657 1333 1699 officio
1357 1672 1436 1698 suo

300 1732 472 1772 faciant
506 1730 639 1783 satis,
681 1734 725 1770 et
756 1728 903 1785 inepti
940 1743 1033 1770 non
1064 1732 1434 1785 pronioueantur3

302 1802 462 1844 deinde
494 1801 623 1842 addit
656 1801 814 1856 regula
850 1799 968 1856 „fere
1002 1799 1188 1841 alternis
1221 1801 1301 1844 zc.“

446 1876 517 1917 37.
584 1872 714 1914 Circa
747 1875 816 1916 34.
866 1871 1070 1926 regulam
1111 1871 1253 1926 aliqui
1301 1870 1437 1912 etiam

302 1948 541 1986 mouerunt
574 1943 898 1999 quaestionem,
931 1943 1007 1984 sed
1039 1942 1148 1984 satis
1181 1943 1351 1984 dictum
1372 1947 1440 1984 est

302 2016 350 2057 in
383 2031 475 2071 reg.
511 2019 580 2060 37.
614 2014 829 2071 praefecti
867 2015 1131 2055 inferiorum
1173 2013 1439 2061 studiorum,

422 2090 491 2129 38.
556 2087 680 2127 Haec
720 2085 875 2141 jubat,
916 2090 967 2127 vt
1003 2086 1320 2141 Praeceptores
1352 2089 1441 2126 tra-

304 2159 414 2200 dant
447 2158 695 2212 Uatahgos
735 2172 916 2197 suorum
957 2156 1279 2212 discipulorum
1311 2157 1441 2197 Prae-

303 2229 434 2283 fecto,
469 2229 545 2283 qui
580 2228 712 2270 debet
744 2228 825 2270 hos
859 2228 1099 2282 aliquoties
1137 2227 1185 2268 in
1223 2242 1341 2269 anno
1372 2243 1439 2269 re-

303 2315 591 2353 cognoscere,
631 2308 853 2354 quaerunt
886 2299 1074 2355 proinde
1107 2298 1305 2353 quidam,
1334 2313 1442 2354 quo-

304 2372 387 2411 ties
425 2371 509 2412 hoc
555 2371 811 2412 faciendum
853 2371 932 2423 sit3
983 2370 1057 2411 sed
1108 2370 1287 2411 uidetur
1332 2369 1441 2411 haec

305 2443 506 2496 quaestio
548 2443 636 2483 huc
675 2458 768 2483 non
809 2442 1045 2498 pertinere.
1110 2441 1235 2497 Ipsos
1267 2455 1441 2482 necesse

306 2519 371 2553 est
404 2514 568 2565 uidere,
604 2514 778 2569 quoties
811 2513 965 2567 exigat
987 2512 1229 2553 necessitas
1260 2512 1331 2553 uel
1356 2511 1439 2553 vti-

307 2584 409 2624 litas
442 2585 780 2641 disvipulorum,
814 2588 864 2626 vt
884 2584 1066 2625 illorum
1090 2583 1254 2624 habeat
1277 2583 1442 2623 bonam

306 2656 518 2696 notitiam
552 2657 828 2708 Prae-fietus,
871 2655 1053 2696 uidetur
1085 2659 1236 2695 tamen
1270 2654 1442 2708 aliquo-

307 2742 401 2767 rum
439 2726 677 2767 consilium
712 2726 946 2781 optimum,
980 2730 1032 2767 vt
1066 2729 1248 2766 taxetur
1285 2738 1441 2765 nume-

306 2813 394 2849 rus,
429 2800 473 2837 et
505 2802 664 2851 quater
704 2797 751 2837 in
793 2812 911 2838 anno
946 2796 1193 2851 Oatalogus
1231 2810 1444 2850 recogno-

307 2873 467 2908 scatur.

449 2941 518 2982 39.
571 2939 695 2979 Haec
728 2939 916 2980 mandat
938 2937 1240 2979 excludendos
1259 2952 1345 2991 eos,
1367 2938 1444 2993 qui

488 188 601 224 Ratio
629 188 834 224 studiorum
859 192 898 223 et
922 182 1180 223 institutiones
1207 181 1449 224 scholasticae
1475 180 1673 223 Societatis
1698 183 1788 224 Jesu
1813 187 1850 224 11

1372 259 1470 266 -.--

1546 447 1589 489 Α
1600 447 1629 488 d
1645 451 1669 492 2
1680 450 1719 491 3.
1746 447 1867 488 Bene
1884 447 2032 489 habet.

1561 1017 1644 1060 Ad
1694 1020 1770 1062 33.
1834 1017 1901 1059 De
1938 1031 2036 1058 ora-

1473 1088 1672 1130 tionibus
1693 1092 1738 1130 et
1762 1086 2036 1130 carminibus

1473 1159 1660 1201 alternis
1706 1158 1940 1200 sabbathis
1988 1156 2037 1199 in

1473 1230 1718 1273 Rhetorica
1749 1234 1793 1272 et
1814 1228 2038 1271 Humani-

1473 1307 1567 1344 tate
1612 1301 1844 1344 habendis.
1887 1327 1941 1331 -—
1981 1301 2037 1343 R.

1474 1374 1631 1415 Placet
1652 1372 1885 1415 iudicium.
1919 1372 2040 1414 Dan-

1475 1445 1532 1487 da
1563 1449 1632 1486 est
1664 1458 1819 1500 opera,
1858 1447 1909 1485 vt
1947 1456 2040 1484 non

1476 1516 1767 1569 omittantur,
1819 1514 1898 1556 uix
1959 1528 2041 1555 un-

1475 1602 1610 1643 quam
1633 1586 1742 1629 adeo
1762 1585 1894 1628 rudes
1909 1588 2041 1626 erunt

1475 1659 1745 1712 scholastici,
1761 1657 1872 1713 quin
1885 1655 2040 1698 haberi

1474 1730 1659 1787 possint.
1723 1728 1872 1784 (Ibid.)

1565 1871 1644 1913 Ad
1676 1873 1752 1915 37.
1786 1868 1913 1911 Nihil
1930 1882 2040 1924 opus

1477 1948 1543 1985 est
1573 1955 1797 1999 responso,
1830 1939 1981 1996 (Ibid.)

1574 2084 1653 2126 Ad
1703 2086 1780 2128 38.
1856 2081 2041 2131 Quoties

1478 2158 1525 2198 in
1548 2169 1665 2198 anno
1690 2154 1882 2196 debeant
1897 2152 2043 2208 Magi-

1478 2228 1559 2269 stri
1590 2225 1914 2282 discipulorum
1945 2237 2043 2265 suo-

1478 2314 1577 2340 rum
1601 2297 1844 2351 Catalogos
1866 2294 2043 2336 tradere

1479 2368 1727 2411 Praefecto⁸
1766 2394 1815 2398 ——
1850 2367 1905 2408 R.
1958 2366 2045 2408 Re-

1479 2440 1702 2495 linquitur
1762 2437 1930 2479 iudicio
1992 2437 2043 2478 P.

1479 2509 1790 2553 Prouincialis.
1836 2509 1903 2562 (P.
1929 2509 2043 2562 143.)

1572 2937 1606 2978 A
1623 2938 1651 2979 d
1683 2939 1758 2980 39.
1800 2935 1874 2977 An
1894 2934 2044 2976 exclu-

308 3023 406 3049 raro
439 3009 630 3050 uisitant
661 3009 855 3061 scholas3
896 3010 943 3050 in
990 3008 1258 3063 quibusdam
1293 3012 1443 3050 autern
1482 3006 1617 3049 dendi
1648 3007 1740 3048 sint
1762 3003 1935 3058 famuli,
1969 3004 2047 3059 qui

308 3080 417 3120 locis
440 3080 598 3122 famuli
617 3081 685 3122 ue]
710 3080 1006 3121 Dominorum
1028 3078 1099 3119 uel
1118 3078 1442 3134 Capitulorum,
1482 3094 1507 3121 a
1525 3075 2046 3132 dominisimpediuntur,
