2153 3467
87 461 296 488 Familiaritas,

115 498 278 528 Colloquia.

128 816 302 847 Paedagogi.

101 851 321 887 [Hosmeister]

125 1033 230 1057 Nullus
252 1038 304 1062 pro

76 1068 174 1093 schola
196 1071 321 1092 sumtus.

185 2031 311 2057 Gradus.

335 190 421 233 398
538 198 648 233 Ratio
674 197 876 232 studiorum
905 202 944 232 et
969 196 1225 232 institutiones
1251 195 1497 231 scholasticae
1521 194 1716 230 Societatis
1743 195 1831 231 Jesu
1857 196 1895 231 Π

335 318 409 361 vel
442 316 583 359 alium
616 315 872 359 accersendi
905 315 1010 369 sint,
1044 315 1115 357 vel
1149 314 1300 369 etiam,
1332 313 1369 355 si
1391 328 1608 370 personae
1631 313 1833 369 dignitas
1854 315 2066 370 postulet,

336 387 650 431 conveniendi.

476 458 548 504 47.
611 457 904 500 Familiarem
936 471 1029 498 non
1061 470 1105 497 se
1131 455 1212 497 uni
1235 455 1380 510 magis
1402 469 1537 510 quam
1560 454 1690 496 alteri
1713 455 1934 510 ostendat,
1968 471 2069 498 cum

335 530 478 586 iisque
507 535 634 570 extra
666 528 842 571 scholae
874 533 1050 584 tempus
1081 527 1261 568 nonnisi
1283 526 1481 569 breviter
1501 542 1552 568 ac
1573 526 1627 567 de
1648 527 1779 568 rebus
1800 527 1939 580 seriis,
1971 527 2070 569 loco

338 601 476 642 etiam
506 600 705 657 patenti,
738 599 782 641 h.
807 614 842 640 e.
883 613 974 640 non
1013 598 1134 639 intra
1171 597 1393 651 scholam,
1432 596 1507 638 sed
1548 611 1628 653 pro
1669 597 1846 639 scholae
1886 597 2073 652 foribus,

338 677 417 715 aut
448 672 497 714 in
531 671 658 726 atrio,
692 674 770 713 aut
802 670 858 712 ad
890 669 1074 726 januam
1108 668 1308 724 collegii,
1351 683 1439 724 quo
1473 668 1619 724 magis
1643 668 1948 711 aedificationi
1970 683 2074 710 con-

337 744 470 799 sulat,
503 743 802 798 colloquatur.

481 813 562 860 48.
624 811 808 855 Nemini
839 810 1155 868 paedagogum
1193 810 1452 852 inconsulto
1485 810 1676 852 Rectore
1714 814 1956 868 proponat,
1996 825 2076 852 nec

341 901 366 928 a
387 884 664 942 paedagogis
687 882 925 940 permittat
954 881 1055 924 aliis
1077 880 1200 923 domi
1220 881 1596 937 praelectionibus
1621 883 1797 924 onerari
1819 881 2074 939 discipulos,

342 956 418 998 sed
449 960 629 998 tantum
662 953 842 996 auditas
878 952 1015 1009 exigi.

482 1026 562 1074 49.
628 1025 809 1069 Nullius
842 1038 975 1082 opera
1007 1027 1165 1066 utatur
1195 1023 1244 1065 in
1277 1023 1567 1066 describendo
1591 1024 1733 1066 autin
1762 1024 1926 1080 aliquo,
1959 1024 2079 1080 quod

341 1099 400 1142 ad
439 1097 628 1140 usitatas
669 1096 846 1139 scholae
885 1094 1234 1137 exercitationes
1274 1109 1367 1137 non
1404 1095 1646 1152 pertineat,
1687 1095 1901 1151 nullaque
1940 1095 1990 1136 in
2034 1110 2079 1136 re

342 1171 448 1212 illos
479 1183 558 1226 pro
592 1168 745 1211 schola
775 1171 1007 1224 sumptum
1038 1165 1183 1208 facere
1215 1166 1429 1223 patiatur.

484 1241 567 1288 50.
629 1240 702 1283 Sit
734 1239 927 1295 denique
959 1238 1007 1280 in
1039 1237 1262 1292 omnibus,
1295 1237 1454 1279 divina
1485 1237 1736 1294 inspirante
1773 1238 1940 1295 gratia,
1982 1237 2082 1279 dili-

342 1327 452 1369 gens
478 1317 522 1354 et
547 1311 751 1354 assiduus
775 1316 819 1352 et
840 1309 1066 1367 profectus
1091 1308 1389 1363 studentium,
1414 1313 1514 1351 tum
1538 1309 1586 1351 in
1612 1310 1883 1352 lectionibus
1904 1314 2000 1352 tum
2034 1309 2083 1351 in

344 1384 444 1427 aliis
466 1382 677 1425 literariis
697 1381 1114 1435 exercitationibus,
1138 1379 1381 1422 studiosus.
1415 1380 1688 1422 Contemnat
1705 1381 1946 1436 neminem,
1970 1395 2078 1438 pau-

343 1470 498 1513 perum
523 1454 684 1497 studiis
704 1468 843 1509 aeque
864 1468 914 1495 ac
937 1452 1134 1494 divitum
1157 1452 1268 1493 bene
1291 1452 1539 1509 prospiciat
1560 1452 1901 1509 profectumque
1923 1452 2076 1494 unius-

345 1527 559 1583 cujusque
593 1542 614 1567 e
647 1525 739 1568 suis
771 1523 1052 1566 scholasticis
1071 1523 1303 1581 speciatim
1321 1528 1543 1580 procuret.
1592 1523 1764 1577 (Const.
1803 1538 1847 1579 p.
1879 1527 1920 1567 4.
1954 1539 1993 1564 c.
2034 1525 2088 1566 13

344 1613 387 1640 n.
423 1600 482 1655 3.)

1110 1808 1325 1875 Regulae

828 1891 1193 1957 Professoris
1239 1890 1610 1957 Rhetoricae.

494 2027 533 2075 1.
597 2025 775 2069 Gradus
809 2024 942 2080 hujus
975 2023 1151 2066 scholae
1171 2038 1263 2065 non
1284 2023 1416 2065 facile
1433 2023 1567 2065 certis
1586 2022 1858 2079 quibusdam
1881 2022 2087 2065 terminis

352 2100 531 2143 definiri
572 2103 739 2156 potest,
788 2096 845 2139 ad
892 2095 1139 2153 perfectam
1185 2095 1304 2137 enim
1350 2094 1654 2151 eloquentiam
1694 2094 1932 2150 informat,
1973 2109 2086 2152 quae

352 2172 462 2213 duas
494 2170 733 2213 facultates
766 2167 1001 2222 maximas,
1033 2166 1278 2208 oratoriam
1310 2171 1354 2208 et
1374 2166 1611 2223 poeticam,
1644 2165 1984 2223 comprehendit
2016 2166 2088 2222 (ex

351 2243 420 2284 his
453 2246 601 2284 autem
634 2240 810 2283 duabus
841 2238 1013 2297 primae
1036 2252 1211 2295 semper
1241 2242 1392 2295 partes
1431 2237 1651 2280 oratoriae
1685 2236 1974 2294 tribuantm’),
2007 2251 2088 2278 nec

352 2313 546 2355 utilitati
577 2312 723 2354 solum
754 2310 907 2366 servit,
940 2309 1016 2352 sed
1048 2309 1185 2352 etiam
1218 2309 1402 2351 ornatui
1431 2307 1654 2364 indulget.

495 2384 617 2427 Illud
647 2388 800 2426 tamen
832 2382 880 2423 in
911 2381 1172 2424 universum
1212 2380 1302 2423 dici
1332 2383 1494 2436 potest,
1526 2378 1673 2421 tribus
1711 2378 1907 2421 maxime
1939 2378 2088 2420 rebus:

354 2455 600 2512 praeceptis
633 2454 824 2509 dicendi,
859 2453 980 2510 stylo
1013 2457 1058 2494 et
1090 2451 1356 2506 eruditione,
1389 2450 1627 2493 contineri.

497 2528 799 2583 Praecepta
861 2525 944 2567 etsi
1005 2524 1204 2580 undique
1383 2521 1456 2563 Ad
1486 2525 1784 2579 praecepta
1815 2524 1990 2578 praeter
2018 2519 2090 2561 Ci-

355 2597 448 2654 peti
483 2602 527 2639 et
558 2597 785 2639 observari
824 2601 1031 2654 possunt,
1065 2595 1206 2652 expli·
1243 2607 1446 2635 ceronem
1479 2592 1790 2642 Quintilianus
1830 2606 2006 2648 quoque
2045 2595 2088 2632 et

357 2669 488 2710 candi
522 2673 675 2710 tamen
707 2683 799 2710 non
837 2673 943 2710 sunt
980 2667 1028 2709 in
1061 2666 1207 2723 quoti·
1245 2665 1511 2707 Aristoteles
1545 2664 1748 2706 adhiberi
1780 2668 1981 2719 possunt.

357 2740 494 2782 diana
531 2740 830 2796 praelectione
869 2739 956 2781 nisi
994 2735 1227 2780 rhetorici?

358 2811 586 2853 Ciceronis
617 2810 720 2852 libri
754 2816 799 2851 et
819 2810 1079 2852 Aristotelis
1110 2813 1207 2851 tum

358 2881 628 2935 Rhetorica,
691 2882 727 2922 si
790 2880 1047 2934 videbitur,
1109 2883 1207 2921 tum

361 2952 560 2995 Poetica.

501 3024 703 3080 stylus
742 3026 1030 3079 <quamquam
1070 3021 1376 3079 probatissimi
1419 3020 1555 3062 etiam
1600 3018 1804 3061 historici
1850 3022 1894 3059 et
1931 3020 2089 3073 poetae

361 3095 637 3151 delibantur)
671 3109 724 3136 ex
757 3109 846 3136 uno
880 3094 970 3135 fere
1004 3093 1217 3136 Cicerone
1249 3092 1491 3134 sumendus
1523 3096 1602 3145 est,
1638 3096 1682 3132 et
1720 3103 1872 3131 omnes
1904 3088 2088 3146 quidem
