2148 3402
0 3103 3 3194 k

668 205 711 240 R.
739 211 783 241 st.
814 206 914 243 1586.
953 205 1100 242 Classis,
1121 204 1228 241 Hum.
1718 198 1801 240 195

101 325 401 367 seruationem
423 325 606 381 linguae
629 325 833 378 Latinae,
857 324 1173 378 imitationem,
1204 325 1485 366 locutionum
1508 340 1637 368 Vsum
1660 327 1803 368 varie-

101 401 329 452 tatemque
370 396 586 452 pertinet,
628 396 674 437 in
721 395 774 450 ijs
816 410 860 436 se
905 399 1053 437 totum
1095 395 1313 450 Magister
1351 396 1577 439 effundat:
1618 398 1801 451 leuiora,

99 472 143 509 et
175 482 288 523 quae
319 467 563 509 verisimile
595 472 661 508 est
693 466 918 508 auditores
940 466 987 507 in
1008 465 1297 507 inferioribus
1330 466 1546 509 classibus
1579 468 1800 521 didicisse,

101 538 167 580 ita
200 542 465 595 praetereat,
497 543 551 580 vt
582 553 633 579 ea
665 542 815 579 tamen
854 551 945 578 non
988 536 1048 579 sit
1080 536 1278 579 alienum
1311 537 1510 591 innuere,
1543 540 1801 594 praesertim

99 609 136 650 si
169 608 216 650 id
247 609 359 651 vtile
390 624 483 651 esse
515 608 746 664 intelligat
778 607 1074 650 auditoribus.

239 680 430 722 Possent
466 679 732 736 aliquandiu
770 679 949 735 aliquae
988 679 1203 736 epistolae
1243 680 1381 721 Plinii
1425 681 1607 737 exponi,
1653 685 1705 722 vt
1745 682 1801 723 ad

98 751 193 792 eius
226 751 529 793 imitationem
563 750 735 806 aliquid
767 764 847 792 suo
880 752 1026 792 Marte
1060 751 1337 793 conscribere
1359 750 1663 792 adolescentes
1684 766 1804 794 assu-

95 827 270 864 escant:
304 822 431 864 cuius
464 821 604 864 etiam
635 821 699 863 rei
731 821 882 876 gratia
901 836 994 863 non
1027 822 1084 863 ab
1115 837 1163 864 re
1185 822 1324 864 fuerit
1355 822 1599 864 nonnullas
1620 821 1802 864 incertis

97 893 254 934 diebus
277 893 507 935 Ciceronis
539 892 755 949 epistolas
786 907 1041 949 percurrere
1073 894 1238 950 potius,
1271 908 1406 949 quam
1438 893 1742 950 interpretari.

706 1013 890 1062 Vltima
928 1015 1185 1064 semihora.

238 1107 363 1149 Haec
399 1107 526 1149 nulla
564 1107 612 1148 in
654 1121 700 1149 re
732 1106 890 1149 vtilius
931 1107 1142 1149 collocari
1181 1123 1309 1164 posse
1340 1108 1546 1163 videtur,
1586 1123 1722 1165 quam
1753 1109 1802 1151 in

96 1178 326 1220 Historico
360 1178 574 1235 quopiam
606 1177 894 1234 exponendo:
929 1183 1029 1220 tum
1053 1179 1160 1234 quia
1188 1180 1388 1233 caeteris,
1418 1182 1424 1235 Ι
1452 1195 1565 1236 quae
1598 1180 1656 1222 ad
1686 1180 1803 1222 hanc
1845 1198 1879 1222 ,ε
1900 1215 1925 1223 ,.

95 1249 280 1291 classem
318 1253 543 1306 spectant,
582 1249 705 1292 locus
756 1248 867 1291 satis
907 1250 1083 1306 amplus
1121 1250 1206 1292 erit
1246 1250 1409 1293 scholis
1454 1251 1799 1308 pomeridianis:

94 1323 192 1362 tum
226 1320 332 1376 quia
363 1320 593 1362 auditores
633 1320 777 1362 nostri
808 1320 942 1362 nimis
974 1320 1107 1363 rudes
1144 1326 1251 1364 sunt
1290 1322 1594 1378 antiquitatis,
1627 1337 1681 1364 ex
1712 1337 1802 1379 qua

98 1396 143 1432 et
174 1391 360 1434 viuendi
382 1396 426 1433 et
448 1391 674 1434 scribendi
695 1391 899 1448 exempla
922 1392 1103 1448 egregia
1125 1392 1300 1435 desumi
1319 1398 1529 1450 possunt:
1562 1399 1661 1436 tum
1682 1394 1801 1449 quia,

95 1462 132 1504 si
164 1463 306 1504 Poeta
339 1467 384 1505 et
416 1462 674 1504 Historicus
707 1462 967 1505 alternatim
1007 1463 1313 1520 praelegatur,
1359 1468 1477 1506 totos
1519 1479 1595 1507 sex
1628 1479 1802 1507 menses

96 1533 251 1576 Poetis
282 1533 454 1576 carebit
487 1549 538 1576 ea
561 1534 727 1588 classis,
762 1548 875 1590 quae
896 1534 1102 1577 Poeticae
1124 1535 1320 1578 maxime
1341 1535 1492 1578 dicata
1523 1540 1609 1580 est:
1645 1540 1802 1579 contra

95 1605 133 1646 si
163 1605 329 1648 Poetae
361 1605 629 1661 quotidiana
651 1604 893 1661 praelectio
916 1604 1153 1660 habeatur,
1186 1606 1413 1664 copiosam
1434 1607 1584 1664 pueris
1607 1607 1765 1649 afferet
1780 1607 1801 1630 *

96 1675 300 1732 poeticae
331 1676 612 1718 inuentionis
645 1681 690 1718 et
722 1676 965 1719 locutionis
1006 1677 1345 1734 supellectilem.
1408 1679 1565 1734 Neque
1596 1693 1702 1721 vero
1734 1677 1801 1721 hi-

96 1747 250 1789 storici
281 1747 525 1804 explicatio
556 1747 842 1803 Praeceptori
873 1744 1030 1790 futura
1051 1753 1118 1790 est
1139 1749 1275 1791 nimis
1298 1764 1501 1793 onerosa:
1534 1764 1641 1792 nam
1662 1749 1801 1794 histo-

96 1818 188 1860 riae
206 1818 352 1875 stylus
369 1818 546 1876 planior
562 1834 613 1860 ac
634 1818 828 1860 lucidior
852 1824 932 1873 est,
954 1824 1006 1861 vt
1029 1835 1196 1876 magno
1219 1834 1312 1862 non
1331 1820 1537 1877 indigeat
1559 1821 1724 1875 studio,
1758 1826 1802 1863 et

97 1889 207 1931 satis
238 1889 376 1932 fuerit
409 1888 632 1946 explicare
669 1904 763 1931 rem
794 1894 994 1945 gestam,
1036 1897 1171 1948 prout
1202 1892 1259 1934 ab
1292 1897 1448 1934 autore
1480 1896 1712 1947 narratur,
1752 1897 1803 1935 vt

97 1975 190 2003 non
222 1960 281 2003 sit
312 1975 423 2017 opus
457 1960 568 2002 alios
601 1961 737 2002 etiam
770 1961 999 2003 consulere
1031 1962 1280 2019 scriptores,
1320 1963 1425 2005 licet
1458 1963 1511 2005 de
1543 1963 1697 2005 eodem
1732 1978 1800 2005 ar-

98 2037 313 2087 gumento
346 2031 620 2088 scripserint.
683 2032 787 2088 Ipsa
825 2032 960 2074 etiam
999 2033 1203 2075 historici
1235 2034 1476 2090 explicatio
1518 2034 1666 2076 facilis
1708 2049 1800 2076 esse

99 2102 244 2157 debet,
276 2107 343 2158 vt,
377 2103 547 2145 autoris
566 2103 791 2144 sententia
823 2104 1065 2160 proposita,
1099 2106 1192 2147 eius
1222 2105 1360 2147 verba
1381 2105 1540 2147 leuiter
1572 2106 1801 2162 attingan-

97 2178 183 2228 tur,
217 2179 263 2216 et
293 2189 345 2216 ea
378 2177 572 2228 tantum,
607 2189 721 2229 quae
743 2174 998 2230 plusculum
1020 2175 1190 2217 habent
1211 2176 1515 2218 obscuritatis.
1565 2176 1665 2225 Quo
1695 2191 1801 2218 sane

100 2244 232 2287 modo
264 2245 409 2287 multa
443 2245 568 2286 breui
600 2245 800 2301 percurri
841 2250 1048 2301 possunt,
1090 2252 1133 2288 et
1166 2246 1314 2288 minus
1346 2262 1481 2302 quam
1514 2246 1799 2301 semihorula,

99 2319 151 2358 vt
182 2315 357 2372 aliquid
389 2316 603 2372 temporis
635 2316 829 2372 supersit
863 2331 954 2358 non
987 2317 1042 2358 ad
1068 2317 1220 2359 omnia
1253 2318 1448 2373 quidem,
1482 2318 1557 2360 sed
1589 2318 1647 2360 ad
1677 2333 1801 2375 prae-

98 2387 229 2444 cipua
250 2387 471 2444 quaedam
492 2387 744 2444 repetenda.
791 2387 1012 2430 Historici
1033 2402 1152 2441 vero,
1187 2390 1263 2444 qui
1295 2390 1343 2430 in
1376 2389 1459 2430 hac
1481 2389 1619 2431 classe
1647 2389 1803 2431 viden-

98 2462 172 2500 tur
203 2458 469 2516 exponendi,
503 2463 609 2501 sunt
643 2459 817 2512 Caesar,
853 2458 1092 2505 Salustius,
1128 2458 1180 2508 Q.
1214 2460 1411 2513 Curtius,
1444 2459 1663 2513 Iustinus,
1697 2461 1802 2503 Cor-

98 2529 244 2572 nelius
275 2530 472 2584 Tacitus,
506 2529 679 2585 aliquid
711 2529 846 2585 Liuij.

241 2600 499 2642 Alternatio
536 2615 643 2643 vero
685 2600 997 2657 pomeridiana
1034 2602 1203 2644 Poetae
1249 2607 1294 2644 et
1332 2602 1554 2644 Historici
1598 2602 1802 2659 permitti

99 2677 247 2727 posset
278 2671 437 2728 primis
454 2671 629 2714 duobus
651 2671 828 2713 circiter
852 2671 960 2714 anni
982 2672 1224 2726 mensibus,
1257 2673 1422 2728 quibus
1444 2673 1801 2715 antemeridiana

102 2742 323 2784 semihora
354 2742 518 2784 Vltima
550 2742 843 2799 exponendae
877 2742 1130 2785 accuratius
1151 2743 1393 2786 Prosodiae
1426 2744 1667 2786 tribuenda
1692 2749 1771 2786 est.

585 2862 720 2911 Hora
757 2863 915 2927 prima
952 2863 1305 2927 pomeridiana.

244 2956 477 2998 Recitetur
510 2955 768 2998 alternatim
801 2956 873 2997 vel
904 2961 1048 3013 poeta,
1082 2957 1155 2998 vel
1186 2962 1423 3014 praecepta
1446 2958 1800 2999 Grammaticae:

103 3025 272 3068 Thema
295 3027 501 3080 dictetur,
535 3032 579 3067 et
600 3026 835 3069 inchoetur
856 3028 1022 3069 Poetae
1044 3028 1300 3084 praelectio,
1333 3043 1446 3084 quae
1469 3027 1801 3083 aliquantulum

105 3096 376 3152 producatur
407 3097 527 3139 vltra
557 3097 749 3153 primam
780 3097 949 3139 horam.

1524 3181 1586 3214 13*

1822 2893 1849 2916 p.
1863 2883 1924 2909 293.
