2148 3402
517 176 561 211 R.
588 178 635 211 st.
664 176 765 211 1586.
802 174 953 210 Scholae
980 173 1138 210 Gramm.
1165 179 1203 210 et
1228 175 1335 210 Hum.
1687 163 1770 207 185

210 295 415 338 Dimidia
437 295 667 338 tribuetur
689 294 827 350 varijs
844 294 1117 336 Nominibus
1132 293 1428 336 inflectendis.
1475 294 1772 336 Inflectentur

70 369 223 408 autem
269 366 560 409 substantiua
606 365 792 409 nomina
829 365 1075 421 aliquando
1115 365 1251 418 nuda,
1300 365 1543 420 aliquando
1591 365 1772 420 singula

70 452 172 479 cum
204 437 397 493 singulis
429 442 508 480 aut
541 437 658 480 binis
690 436 937 494 Epithetis3
972 452 1086 492 quae
1119 440 1273 478 tamen
1299 436 1516 493 Epitheta
1549 441 1627 477 aut
1659 437 1774 478 eius-

68 508 170 550 dem
211 512 290 551 aut
328 509 607 551 diuersarum
645 509 736 550 sint
777 507 1133 550 declinationum
1176 523 1257 564 pro
1295 508 1510 563 cuiusque
1542 507 1769 550 facultate.

68 580 171 621 Erit
202 584 352 621 autem
384 580 573 622 duorum
608 595 823 635 generum
856 579 1124 621 exercitatio
1156 579 1481 621 flectendorum
1503 578 1771 620 Nominum:

68 665 158 692 vno
191 650 337 704 modo,
371 651 624 693 continenti
655 651 766 692 serie
798 666 875 692 seu
907 655 1124 707 perpetua
1155 652 1372 704 oratione,
1407 650 1472 692 ita
1492 654 1544 692 vt
1571 665 1773 705 quaeque

69 721 255 764 nomina
287 737 389 764 cum
422 723 513 764 suis
539 722 770 780 Epithetis
803 738 829 763 a
861 723 1005 764 Recto
1037 737 1117 779 per
1148 722 1352 778 singulos
1382 722 1521 764 Casus
1553 721 1775 763 inclinata

69 793 125 834 ad
157 793 294 835 finem
327 809 468 850 Vsque
501 794 746 847 ducantur3
796 794 937 836 altero
970 793 1123 835 modo:
1158 794 1413 849 interrupto
1447 792 1629 850 orJdine,
1663 796 1715 834 vt
1747 808 1773 834 a

68 864 262 920 singulis
293 866 500 921 singulae
532 865 812 908 diversorum
845 866 1042 907 Casuum
1080 880 1213 907 voces
1244 865 1426 906 auulsae
1459 864 1770 919 exquirantur.

68 936 272 978 Dimidia
317 937 460 979 altera
506 938 555 979 in
600 937 833 978 flectendis
879 936 1030 978 verbis
1079 940 1290 992 ponetur:
1345 935 1583 978 flectentur
1620 940 1771 977 autem

68 1007 210 1049 verba
240 1007 360 1051 sicut
389 1013 435 1050 et
462 1009 673 1062 Nomina,
706 1012 805 1050 tum
837 1008 1093 1050 continenti
1125 1007 1236 1049 serie
1268 1023 1293 1048 a
1324 1007 1471 1063 prima
1503 1007 1632 1048 verbi
1663 1021 1773 1048 voce

67 1094 145 1135 per
175 1080 496 1122 inclinationes
528 1095 681 1121 omnes
713 1079 770 1122 ad
802 1080 939 1121 finem
972 1094 1115 1134 Vsque
1146 1078 1383 1121 modorum
1416 1078 1640 1120 omnium:
1674 1081 1772 1119 tum

69 1151 323 1207 interrupta
358 1151 496 1208 varijs
535 1151 733 1193 eiusdem
771 1151 902 1194 verbi
939 1150 1128 1193 vocibus
1166 1150 1399 1206 discipulis
1441 1149 1634 1205 singulis
1672 1163 1773 1206 pro-

68 1222 300 1278 ponendis,
332 1222 477 1279 ijsque
508 1239 531 1265 e
562 1223 746 1276 vulgari
777 1223 825 1264 in
858 1223 1075 1265 Latinam
1106 1221 1314 1277 linguam
1345 1226 1390 1263 et
1421 1236 1444 1263 e
1475 1221 1645 1263 Latina
1674 1235 1773 1262 ver-

68 1293 219 1335 tendis
251 1293 452 1336 vicissim
484 1295 532 1336 in
556 1295 809 1350 vulgarem.
861 1295 987 1336 Inter
1018 1293 1338 1335 declinandum
1371 1297 1523 1334 autem
1554 1296 1773 1349 perpetua

67 1365 180 1406 serie
206 1365 343 1407 Pueri
375 1371 633 1408 assuescant
664 1381 742 1423 per
775 1366 958 1421 singula
988 1369 1194 1422 tempora
1225 1365 1411 1407 breuem
1444 1365 1643 1419 aliquam
1675 1378 1773 1406 ora-

67 1437 237 1479 tionem
277 1437 438 1479 addere
478 1438 676 1480 eiusdem
717 1438 946 1494 temporis,
989 1453 1127 1493 quam
1159 1437 1207 1478 in
1241 1436 1533 1479 vernaculam
1565 1435 1773 1491 linguam

68 1513 347 1551 conuertant.
411 1508 687 1552 Assuescant
723 1525 829 1551 vero
866 1509 1003 1551 Pueri
1044 1514 1248 1565 tempora
1287 1507 1490 1550 omnium
1530 1507 1771 1548 verborum

68 1580 310 1622 cuiuslibet
333 1581 680 1636 Coniugationis
702 1585 832 1622 tanta
855 1581 1124 1622 dexteritate
1156 1595 1439 1635 cognoscere,
1472 1583 1525 1621 vt
1557 1578 1772 1620 facillime

69 1666 122 1692 ex
155 1652 400 1694 vernacula
431 1653 590 1707 lingua
612 1652 829 1694 Latinam
862 1656 907 1693 et
939 1667 993 1693 ex
1016 1651 1185 1693 Latina
1206 1651 1500 1693 vernaculam
1521 1664 1681 1692 vocem
1702 1649 1772 1691 illi

64 1723 409 1779 respondentem
440 1723 651 1765 reddant:
684 1724 862 1780 prolato
894 1724 1033 1765 etiam
1065 1739 1157 1766 vno
1189 1723 1406 1779 Tempore
1439 1722 1619 1764 activae
1647 1721 1772 1763 vocis

68 1793 223 1836 statim
254 1794 483 1850 passiuam
515 1794 775 1850 adiungere.

1800 294 1932 318 secunda
1956 294 2025 318 hom

1792 338 1826 354 an
1834 330 2035 354 tvnwridiana.

1794 818 1820 841 p.
1834 811 1896 834 275».

210 1866 352 1908 Recte
399 1867 590 1909 scribere
637 1871 682 1908 et
722 1868 1015 1924 pronuntiare
1057 1868 1194 1909 Pueri
1237 1866 1496 1908 doceantur.
1567 1864 1773 1907 Scribere
1788 1863 2057 1889 ⁸³¹¹¹³h⁰f³¹¹ffl¹¹³²

68 1937 251 1993 quidem
291 1939 363 1980 vel
403 1939 498 1981 illic
536 1939 720 1980 traditis
757 1940 830 1981 vel
878 1939 1010 1981 domo
1059 1938 1210 1980 allatis
1256 1937 1609 1994 exemplaribus,
1657 1951 1772 1991 quae

69 2009 298 2064 elegantia
329 2014 374 2052 et
408 2011 646 2052 emendata
677 2011 782 2052 sint.
849 2010 1147 2052 Pronuntiare
1177 2025 1299 2063 vero,
1337 2024 1428 2051 vno
1468 2008 1620 2064 aliquo
1652 2007 1772 2049 clara

68 2095 178 2122 voce
208 2082 493 2138 praelegente
526 2083 697 2138 aliquid
731 2082 975 2135 Ciceronis,
1017 2081 1308 2124 audientibus
1340 2080 1455 2136 alijs,
1495 2084 1539 2121 et
1570 2078 1772 2121 vicissim

68 2151 153 2193 hoc
172 2152 321 2208 ipsum
344 2153 629 2207 obeuntibus,
662 2154 803 2196 donec
834 2154 901 2195 ita
927 2153 1160 2194 emendate
1182 2152 1478 2209 pronuntiare
1500 2154 1770 2203 assuescant,

68 2226 120 2263 vt
149 2223 325 2265 nullum
358 2225 407 2266 in
437 2240 591 2267 eorum
625 2225 827 2267 oratione
860 2240 913 2266 ex
946 2224 1002 2280 ijs
1029 2224 1197 2266 vitium
1220 2227 1450 2281 appareat,
1486 2237 1601 2278 quae
1625 2221 1773 2278 prima

70 2294 380 2337 Emmanuelis
412 2296 723 2339 admonitione
756 2297 1055 2352 castigantur.

210 2366 407 2409 Eaedem
429 2369 776 2410 exercitationes
797 2373 842 2410 et
867 2368 1023 2410 eodem
1056 2367 1189 2409 modo
1221 2370 1499 2423 repetantur,
1530 2365 1620 2406 nisi
1653 2364 1773 2420 quod

70 2441 298 2492 postrema
342 2439 566 2481 semihora
612 2454 704 2481 non
750 2440 982 2481 videretur
1026 2438 1387 2490 incommodum,
1434 2436 1472 2477 si
1517 2436 1773 2493 inciperent

67 2508 294 2551 elementa
309 2509 480 2553 Graeca
498 2510 791 2567 cognolscere,
815 2515 860 2552 et
879 2510 1077 2566 syllabas
1095 2509 1382 2563 coniungere,
1405 2508 1600 2549 scribere
1618 2508 1769 2549 etiam.

449 2678 683 2728 Tertiae
724 2681 936 2729 classis
977 2679 1203 2743 superior
1242 2676 1376 2726 ordo.

211 2796 299 2837 Hic
333 2796 615 2851 explicentur
646 2797 790 2852 primo
822 2797 997 2851 reliqua
1027 2794 1286 2836 rudimenta
1311 2793 1512 2850 partium
1534 2792 1770 2834 orationis:

73 2865 266 2907 secundo
295 2866 570 2908 difficiliores
591 2868 945 2920 Declinationes,
978 2882 1092 2921 quae
1116 2869 1359 2921 supersunt
1382 2880 1436 2905 ex
1460 2863 1770 2915 Emmanuele,

70 2938 163 2976 tam
198 2936 613 2993 Substantiuorum,
646 2955 780 2994 quam
813 2939 1176 2981 Adiectiuorum:
1218 2936 1351 2977 tertio
1383 2935 1582 2990 reliquae
1614 2933 1771 2975 verbo-

73 3019 172 3047 rum
194 3007 565 3063 ConiugationeS,
598 3025 713 3065 quae
740 3015 846 3052 sunt
868 3014 972 3067 post
1002 3012 1218 3065 quattuor
1243 3007 1346 3049 illas
1374 3005 1612 3063 simpliceS,
1646 3003 1770 3046 addi-

74 3082 271 3119 scantur.

1793 1899 2038 1924 antemeridiana.

1855 2364 1967 2388 Schohs

1803 2400 2022 2431 pomeridianis·

1792 2540 1820 2564 p,
1833 2527 1894 2552 276.
