2084 3441
146 384 163 399 ¹.
186 376 228 401 30.

260 160 319 204 44
446 171 555 208 Ratio
585 174 784 210 studiorum
814 182 851 211 et
876 175 1131 212 institutiones
1158 177 1404 212 scholasticae
1430 176 1624 212 Societatis
1651 176 1742 212 Jesu
1767 176 1805 211 II

258 290 661 342 existimationem
719 296 793 337 vel
838 296 1165 338 communiores
1207 310 1257 337 ac
1306 303 1508 352 receptas
1556 296 1647 338 iam
1700 297 1946 353 opiniones,

262 376 375 417 quae
404 366 408 415 1
436 363 557 420 ipsae
579 365 664 406 sibi
686 365 860 408 faciunt
883 367 1184 409 autoritatem.
1247 367 1435 408 Nullum
1467 366 1573 409 hinc
1603 366 1748 422 igitur
1777 368 1949 425 pericu-

257 432 355 475 lum
385 434 656 478 minuendae
688 437 1048 491 existimationis,
1081 437 1156 479 sed
1188 437 1339 494 potius
1372 453 1426 479 ex
1452 438 1645 494 proprijs
1667 438 1947 494 singulorum

257 505 455 547 inuentis
488 521 538 548 ac
575 507 770 549 licentia.
849 508 979 557 Quod
1018 508 1057 550 si
1096 508 1238 564 aliqui
1276 508 1496 563 Religiosi
1534 509 1690 565 magni
1733 509 1850 552 fiunt
1890 509 1947 552 ob

260 576 304 618 S.
329 575 561 627 Thomain,
604 578 661 620 ob
695 579 884 620 eundem
917 582 961 619 et
992 578 1148 620 Nostri
1185 579 1339 634 magni
1371 578 1495 633 fient,
1539 583 1583 621 et
1614 580 1756 622 multo
1788 580 1947 636 magis,

258 646 378 701 quod
410 647 457 688 in
491 649 714 704 sequendo
748 650 791 691 S.
823 649 1007 702 Thoma,
1041 649 1258 705 quicquid
1280 654 1347 692 est
1377 651 1537 705 laudis,
1570 666 1805 694 commune
1843 666 1945 694 cum

258 717 351 759 illis
382 718 619 773 haberentg
662 720 699 761 si
744 720 851 775 quid
885 735 990 762 vero
1029 720 1179 761 minus
1224 721 1528 764 commendari
1558 722 1752 776 videtur,
1798 722 1950 778 aliqua

258 803 464 831 concessa
496 790 704 833 libertate
743 792 990 845 tolleretur,
1030 806 1112 833 nec
1144 792 1332 845 NostriS,
1369 793 1490 848 quod
1522 793 1627 847 illis,
1670 793 1948 850 obijceretur,

259 860 380 915 quod
411 876 468 902 ne
500 861 644 903 latum
677 877 877 917 vnguem
909 878 933 904 a
958 863 1002 905 S.
1026 863 1199 905 Thoma
1220 863 1447 917 recedant,
1479 868 1704 920 coguntur
1723 863 1950 907 interdum

257 931 375 973 tueri
407 932 643 987 quaedam,
677 948 790 988 quae
823 933 1127 976 defenduntur
1158 934 1440 990 aegerrime.¹

399 1002 472 1044 Ad
516 1003 624 1044 haec
665 1004 878 1046 laudatur
922 1005 1104 1060 quidem
1141 1020 1166 1046 a
1204 1006 1373 1059 multis,
1414 1005 1534 1061 quod
1575 1006 1729 1048 Nostri
1769 1006 1861 1048 sint
1901 1007 1952 1048 in

258 1074 465 1115 omnibus
497 1074 769 1117 Doctoribus
800 1076 990 1126 versati3
1025 1081 1072 1119 at
1102 1076 1242 1118 libere
1271 1077 1435 1119 sentire
1468 1092 1582 1133 quae
1613 1077 1758 1119 velint
1786 1077 1952 1134 passim

257 1143 599 1200 reprehenditur
643 1160 667 1186 a
712 1146 934 1188 Praelatis
980 1148 1262 1201 grauissimis
1307 1148 1364 1190 ob
1401 1148 1599 1205 pericula
1636 1152 1681 1190 et
1715 1148 1951 1190 leuitatem

255 1213 556 1268 ingeniorum,
590 1221 634 1256 et
665 1216 836 1259 semina
868 1217 1205 1261 discordiarum.
1257 1219 1420 1275 Itaque
1449 1235 1549 1262 cum
1582 1234 1700 1262 anno
1727 1219 1952 1276 superiore

258 1284 442 1339 quidam
486 1301 507 1327 e
554 1287 734 1329 Nostris
782 1288 994 1330 Patribus
1038 1289 1162 1332 iussu
1203 1291 1257 1332 R.
1291 1291 1339 1332 P.
1376 1290 1609 1333 Generalis
1655 1290 1954 1345 significasset

257 1355 425 1397 Illustr.
449 1357 579 1399 Card.
605 1358 800 1411 Sabello,
834 1374 859 1401 a
893 1360 1068 1402 Nostris
1098 1360 1255 1403 haberi
1288 1361 1699 1417 Oongregationem
1730 1361 1784 1403 de
1815 1361 1954 1403 stabi-

256 1426 420 1469 liendis
453 1429 758 1484 opinionibus,
791 1430 998 1473 laudauit
1031 1432 1108 1474 ille
1140 1432 1381 1475 consilium
1412 1437 1457 1474 et
1488 1432 1698 1475 subiecit:
1734 1432 1815 1487 „Id
1846 1447 1952 1475 vero

256 1497 387 1540 vobis
428 1500 623 1542 maxime
654 1502 953 1544 necessarium
987 1507 1066 1557 est,
1097 1518 1203 1545 nam
1234 1503 1291 1546 ob
1325 1503 1524 1559 aliquam
1552 1503 1811 1545 libertatem
1841 1518 1954 1546 non-

256 1583 486 1625 nunquam
510 1571 627 1613 inter
648 1572 770 1614 viros
797 1574 981 1627 graues*
1002 1574 1187 1617 habitus
1209 1580 1276 1617 est
1297 1589 1440 1617 sermo
1461 1574 1515 1617 de
1535 1574 1740 1617 doctrina
1759 1576 1951 1617 vestra.“

257 1640 461 1684 Tolletur
497 1642 582 1685 hoc
622 1644 958 1698 offendiculum,
1003 1645 1041 1687 si
1084 1645 1350 1699 innotescat,
1397 1646 1725 1703 praescriptum
1772 1645 1952 1688 Nostris

257 1726 361 1765 esse,
402 1719 454 1755 vt
492 1728 583 1756 non
622 1714 827 1770 doceant,
867 1717 955 1758 nisi
994 1717 1067 1758 vel
1105 1718 1149 1760 S.
1178 1717 1398 1759 Thomam
1429 1723 1547 1760 recte
1580 1717 1846 1775 expositum,
1879 1717 1954 1760 vel

259 1785 585 1827 communiores
616 1792 905 1843 receptasque
937 1788 1195 1830 sententias.

401 1856 555 1911 Neque
586 1872 694 1899 vero
726 1858 978 1901 timendum
1014 1864 1094 1913 est,
1126 1875 1194 1914 ne,
1230 1876 1344 1916 quae
1375 1876 1428 1903 ex
1461 1859 1599 1916 varijs
1631 1864 1737 1901 sunt
1767 1860 1956 1902 collecta

261 1924 548 1981 Doctoribus,
581 1944 740 1985 parum
774 1934 875 1986 apte
907 1931 1176 1973 cohaereant
1214 1931 1333 1973 inter
1372 1946 1417 1973 se
1457 1931 1513 1973 ad
1543 1946 1686 1973 vnum
1724 1930 1956 1973 doctrinae

226 2032 231 2038 .
264 2011 442 2052 corpus:
477 1998 700 2053 siquidem
733 2006 836 2057 apte
866 2002 870 2057 1
898 2017 1027 2058 posse
1058 2001 1290 2044 cohaerere
1324 2002 1474 2044 omnia
1507 2017 1561 2044 ex
1593 2016 1643 2043 eo
1674 2005 1812 2058 patet,
1836 2001 1957 2058 quod

263 2067 352 2109 alia
394 2068 707 2125 relinquantur
745 2072 900 2126 libera,
934 2072 1025 2114 alia
1057 2072 1333 2115 definiantur
1364 2073 1494 2116 iuxta
1525 2079 1740 2116 contrave
1774 2073 1818 2115 S.
1842 2073 1959 2115 Tho-

263 2153 395 2180 mam.
459 2141 521 2182 Et
558 2142 606 2183 in
648 2142 801 2185 liberis
839 2143 1150 2186 Professorum
1187 2149 1253 2186 est
1292 2145 1459 2197 videre,
1501 2159 1603 2186 cum
1644 2159 1670 2186 a
1708 2144 1752 2187 S.
1784 2144 1958 2186 Thoma

262 2211 491 2265 recedunt,
525 2227 582 2254 an
615 2213 907 2257 cohaerenter
937 2216 1062 2271 loqui
1093 2217 1296 2269 valeant,
1328 2231 1434 2258 nam
1466 2216 1504 2258 si
1534 2230 1625 2258 non
1655 2216 1824 2269 valent,
1858 2216 1958 2271 quis

264 2295 338 2322 eos
385 2297 408 2322 a
455 2283 497 2324 S.
535 2283 708 2326 Thoma
755 2285 878 2341 cogit
923 2287 1153 2328 recedere?
1243 2287 1299 2329 In
1363 2287 1561 2329 definitis
1623 2291 1775 2329 autem
1832 2286 1961 2329 iuxta

265 2352 309 2393 S.
340 2352 558 2395 'rhomam
599 2361 753 2411 aperta
788 2357 1019 2399 consensio
1056 2362 1144 2399 est:
1188 2358 1415 2400 contraria
1452 2357 1646 2414 denique
1687 2358 1732 2400 S.
1760 2358 1959 2400 'rhomae

262 2437 404 2479 pauca
436 2430 553 2479 sunt,
585 2441 725 2482 eaque
757 2429 942 2470 caeteris
974 2429 1174 2471 definitis
1204 2444 1295 2471 non
1328 2428 1555 2471 aduersari
1584 2433 1864 2485 compertum
1894 2432 1962 2470 est

264 2494 320 2535 ab
365 2509 517 2536 eorum
562 2498 943 2553 compijatoribus.
1013 2501 1169 2556 Neque
1211 2501 1388 2555 mirum,
1433 2515 1579 2555 neque
1625 2499 1744 2541 enim
1793 2499 1958 2552 omnia,

264 2579 379 2618 quae
412 2566 545 2607 vnius
576 2575 682 2609 sunt
713 2569 934 2623 Doctoris,
967 2571 1033 2612 ita
1065 2586 1269 2613 connexa
1299 2575 1418 2624 sunt,
1451 2575 1503 2612 vt
1532 2585 1623 2612 vno
1646 2570 1861 2612 conuulso
1882 2584 1960 2611 ne-

265 2650 383 2676 cesse
421 2636 480 2677 sit
521 2638 662 2679 multa
701 2641 915 2694 conuelli,
954 2655 1098 2696 neque
1135 2656 1200 2694 ea,
1239 2657 1353 2696 quae
1384 2641 1664 2683 diuersorum
1695 2646 1802 2683 sunt
1834 2645 1960 2683 auto-

263 2720 378 2758 rum,
396 2706 460 2747 ita
483 2708 633 2749 omnia
654 2716 875 2765 pugnant,
899 2716 951 2753 vt
971 2712 1107 2753 Vnius
1128 2711 1311 2768 propria
1334 2712 1543 2754 omnibus
1561 2712 1753 2769 proprijs
1777 2711 1962 2754 alterius

266 2783 564 2833 opponantur,
606 2779 652 2820 id
691 2782 811 2835 quod
850 2787 895 2823 et
934 2782 1184 2824 communis
1224 2784 1454 2839 conceptio
1493 2788 1538 2825 et
1581 2795 1683 2825 Vsus
1715 2783 1962 2825 declarant.

265 2848 382 2889 Nam
431 2848 478 2889 in
527 2851 804 2903 quotidianis
851 2852 1118 2895 lectionibus
1157 2852 1427 2909 professores
1465 2868 1607 2895 vnum
1646 2853 1792 2907 modo,
1829 2851 1963 2894 modo

267 2920 458 2961 alterum
502 2928 750 2976 sequuntur
795 2928 1008 2977 autorem,
1057 2928 1387 2980 pertexuntque
1435 2923 1666 2966 doctrinae
1709 2937 1868 2980 corpus
1908 2937 1963 2964 ex

266 2996 405 3052 varijs
437 2994 721 3045 Doctoribus,
756 2995 1045 3036 cohaerenter
1077 3000 1228 3036 tamen
1260 2995 1385 3050 loqui
1416 3009 1461 3036 se
1493 2999 1658 3051 putant
1688 2993 1902 3037 Vniuersi.

416 3090 426 3111 ¹
451 3090 540 3125 Hier
565 3092 658 3125 3-4
684 3087 832 3123 Wiirter
858 3088 1161 3124 handschriftlich
1188 3088 1337 3135 getilgt.
