2143 3462
228 1846 255 1868 p.
283 1837 344 1861 270.

349 196 432 237 182
539 203 648 238 Ratio
675 204 876 238 studiorum
903 212 943 237 et,
968 203 1222 239 institutiones
1249 203 1500 237 scholasticae
1527 203 1722 238 Societatis
1747 205 1836 240 Josu
1861 206 1900 240 II

346 323 615 377 studiorum,
647 328 693 365 et
724 323 868 365 multo
900 322 1047 377 magis
1079 327 1226 364 essent
1256 322 1459 364 moribus
1481 323 1776 378 perniciosae:
1810 328 1909 365 tum
1940 324 2046 379 quia

348 409 450 436 raro
495 399 683 450 possunt
720 394 990 449 Confessarij
1033 398 1183 436 totum
1227 393 1426 448 aliquem
1464 392 1584 435 diem
1622 393 1772 449 pueris
1811 395 2048 437 audiendis

350 465 621 522 impendere.

490 539 530 579 4.
565 537 653 579 Sed
700 540 876 593 praeter
930 540 1207 578 menstruam
1255 535 1593 578 Confessionem
1640 536 1857 578 videntur
1901 536 2049 579 adhuc

349 608 406 650 ad
438 608 622 650 Sacram
656 608 795 649 etiam
820 607 1198 650 Communionem
1228 607 1520 650 vehementer
1550 607 1777 661 hortandi,
1810 609 1969 650 saltem
2001 608 2051 650 in

349 678 495 720 Festis
528 678 872 731 solennioribus,
905 682 957 720 vt
988 678 1037 719 in
1069 678 1408 720 celebritatibus
1429 678 1630 731 Domini,
1663 679 1833 720 Beatae
1864 679 2049 733 Mariae,

349 750 673 806 Apostolorum
712 755 795 791 etc.
858 749 931 790 Ad
975 749 1096 804 quod
1135 750 1273 791 etiam
1311 749 1578 806 Philosophi
1618 753 1663 790 et
1694 749 1915 806 Theologi
1946 751 2054 792 Pro-

350 820 537 862 fessores
570 836 672 862 suos
705 820 921 862 deberent
952 820 1181 862 cohortari
1213 821 1261 862 in
1288 819 1461 875 vigilijs
1488 818 1711 861 maiorum
1740 821 1991 863 Festorum.

493 895 533 937 5.
567 894 706 934 Porro
755 907 856 934 cum
902 891 1266 934 Constitutiones
1311 891 1499 933 iubeant
1548 890 1695 932 audiri
1742 891 1981 933 conciones
2027 907 2053 933 a

351 964 501 1021 pueris
539 964 719 1017 nostris,
760 963 857 1004 eius
896 957 1052 1004 etiam'
1072 964 1137 1004 rei
1174 962 1396 1004 rationem
1430 962 1610 1017 exigere
1642 961 1812 1004 debent
1843 963 2055 1019 Magistri

352 1035 575 1078 adhibitis
607 1034 892 1076 Oensoribus

495 1110 535 1150 6.
570 1106 783 1155 Quotidie
824 1121 1002 1162 quoque
1034 1106 1199 1147 Missae
1230 1104 1460 1148 Sacrificio
1500 1104 1733 1158 intersint,
1778 1104 1913 1160 idque
1950 1109 2055 1147 ante

353 1178 547 1231 scholas,
588 1176 668 1218 vbi
709 1177 837 1231 viget
876 1192 927 1218 ea
966 1176 1264 1231 consuetudo,
1305 1180 1357 1218 vt
1395 1176 1621 1217 literariae
1654 1176 1997 1218 exercitationes
2029 1192 2056 1218 a

352 1249 486 1290 rebus
519 1247 689 1288 diuinis
720 1247 905 1289 initium
936 1251 1119 1289 sumant
1151 1251 1197 1289 et
1228 1248 1378 1289 robur.
1442 1247 1496 1289 Id
1529 1247 1649 1303 quod
1681 1247 1817 1289 etiam
1848 1248 1895 1289 in
1918 1248 2056 1290 Italia

354 1323 557 1361 seruetur
586 1318 898 1374 praesentibus
922 1319 1158 1374 Magistris
1189 1319 1263 1361 vel
1282 1318 1627 1373 Decurionibus,
1660 1318 1921 1374 praesertim
1954 1323 2057 1374 post

355 1390 541 1445 Pascha,
576 1405 679 1431 cum
711 1389 759 1431 in
793 1394 962 1432 aestate
993 1390 1162 1447 partim
1182 1390 1337 1432 labore
1357 1389 1633 1443 scholarum,
1665 1391 1833 1446 partim
1855 1390 2059 1432 feruente

355 1466 481 1503 aestu
513 1461 647 1503 valde
676 1461 953 1504 laboriosum
994 1461 1055 1503 sit
1093 1461 1245 1518 pueris
1282 1464 1386 1517 post
1416 1460 1590 1502 scholas
1621 1464 1877 1502 reuerenter
1908 1465 1951 1502 et
1981 1475 2059 1518 po-

355 1533 454 1574 sitis
486 1532 678 1588 genibus
710 1532 896 1574 Missam
928 1532 1096 1585 audire,
1128 1536 1180 1574 vt
1211 1531 1456 1587 aliquando
1489 1531 1713 1577 deficiant.

500 1607 538 1647 7.
572 1603 841 1646 Doctrinam
864 1603 1172 1646 Christianam
1192 1603 1326 1644 Feria
1348 1606 1475 1645 sexta
1502 1603 1576 1646 Vel
1599 1603 1800 1645 Sabbato
1831 1607 2059 1660 postrema

357 1675 538 1717 scholae
586 1675 968 1717 antemeridianae
1009 1674 1231 1717 semihora
1276 1674 1468 1716 recitent
1506 1673 1635 1730 pueri
1677 1675 1949 1716 memoriter:
2002 1690 2057 1716 ex

360 1761 500 1802 eaque
538 1745 712 1802 aliquid
750 1746 969 1801 Magister
1007 1745 1202 1802 quilibet
1242 1749 1438 1802 exponat
1480 1745 1767 1787 accomodate
1803 1746 1957 1802 potius
2003 1745 2060 1788 ad

365 1817 438 1874 pie
471 1817 817 1872 exhortandum,
851 1833 985 1874 quam
1019 1817 1076 1860 ad
1107 1817 1334 1859 subtiliter
1353 1816 1691 1873 disputandum.
1751 1816 2060 1875 quueffpaulo

359 1888 537 1945 plenius
581 1889 801 1945 praestari
837 1889 1006 1946 poterit
1043 1889 1092 1931 in
1133 1889 1299 1931 scholis
1334 1887 1661 1945 superioribus,
1704 1903 1894 1944 quarum
1936 1887 2061 1930 audi-

360 1966 494 2014 tores,
526 1975 626 2002 cum
660 1959 792 2001 Fidei
823 1958 1082 2001 rudimenta
1113 1958 1204 2001 iam
1236 1963 1441 2013 teneant,
1477 1959 1623 2001 rarius
1656 1959 1713 2001 ad
1745 1974 1797 2001 ea
1827 1958 2060 2000 recitanda

363 2031 555 2087 cogendi
612 2034 731 2072 sunt.
810 2030 879 2072 Ea
934 2045 1042 2072 vero
1098 2029 1152 2072 de
1205 2045 1251 2072 re
1304 2030 1490 2086 plurimi
1540 2030 1649 2072 licet
1700 2029 2062 2072 circunferantur

360 2101 517 2156 libelli,
550 2101 730 2144 breuior
761 2105 915 2143 tamen
945 2101 1023 2142 ille
1055 2102 1106 2143 P.
1129 2101 1302 2143 Canisii
1334 2101 1689 2143 cathechismusl
1726 2101 1813 2143 toti
1842 2101 2059 2143 Societati

362 2173 491 2226 (*nisi
537 2172 706 2214 alicubi
754 2172 1043 2214 introductus
1088 2171 1180 2214 iam
1226 2172 1285 2214 sit
1331 2172 1511 2214 libellus
1557 2172 1673 2214 alius
1717 2172 1863 2214 nihilo
1909 2171 2059 2214 minus

362 2244 529 2298 vtilist)
569 2244 750 2286 videtur
779 2243 1173 2300 praescribendUS,
1215 2258 1318 2285 cum
1349 2258 1400 2285 eo
1432 2243 1548 2285 nihil
1581 2243 1728 2299 magis
1759 2243 2059 2300 perspicuum,

363 2315 643 2368 distinctum,
675 2315 790 2357 bene
821 2314 1030 2369 latinum,
1061 2318 1214 2356 tutum
1246 2329 1298 2356 ac
1331 2314 1527 2356 solidum
1556 2313 1816 2356 habeamus.

504 2389 543 2430 8.
579 2387 748 2428 Curent
767 2387 1086 2442 Praeceptores
1117 2385 1373 2427 scholarum
1398 2385 1665 2427 inferiorum
1688 2386 1862 2442 aliquos
1880 2386 2059 2441 habere,

365 2457 443 2512 qui
486 2457 633 2498 sciant
672 2456 829 2498 domos
869 2471 1048 2498 suorum
1089 2456 1367 2511 auditorum,
1409 2460 1454 2498 et
1490 2471 1567 2513 per
1605 2457 1708 2499 illos
1738 2457 1973 2513 inquirant
2005 2457 2060 2499 de

364 2528 641 2582 reliquorum
680 2527 902 2581 moribus,
944 2532 989 2569 et
1025 2543 1105 2570 cur
1142 2527 1199 2569 ad
1236 2527 1410 2569 scholas
1449 2528 1692 2584 aliquando
1729 2544 1822 2571 non
1857 2529 2059 2572 veniant.

365 2599 470 2640 Non
500 2598 735 2654 patiantur
775 2613 959 2640 suorum
1000 2599 1101 2641 odia
1135 2603 1180 2641 et
1210 2599 1482 2652 simultateS,
1515 2614 1596 2640 nec
1627 2599 1800 2655 aliquid
1833 2615 2058 2642 armorum

365 2669 413 2710 111
453 2684 573 2722 area,
614 2669 759 2711 multo
798 2670 947 2711 minus
986 2670 1034 2711 111
1072 2670 1248 2712 scholis.
1312 2671 1410 2712 Iam
1454 2685 1562 2713 vero
1608 2671 1726 2713 sicut
1766 2672 1970 2714 socordes
2008 2688 2059 2714 ac

365 2755 524 2794 segnes
557 2755 649 2781 esse
680 2756 772 2782 non
805 2741 930 2782 decet
958 2741 1008 2783 in
1040 2741 1300 2783 auditorum
1328 2741 1454 2797 vitiis
1486 2742 1778 2798 corrigendis,
1812 2749 1892 2785 aut
1921 2744 2057 2787 etiam

366 2810 625 2868 puniendis,
659 2826 760 2852 011111
792 2811 995 2854 sciuntur
1026 2816 1106 2854 aut
1135 2812 1269 2854 facile
1298 2812 1404 2854 sciri
1433 2818 1642 2869 possunt,
1675 2815 1740 2856 ita
1770 2830 1852 2856 nec
1883 2819 2061 2872 oportet

365 2882 526 2924 harum
564 2897 712 2923 reruni
752 2883 913 2925 anxios
953 2898 1046 2924 esse
1086 2887 1376 2938 scrutatoreS,
1421 2899 1477 2925 ne
1515 2884 1570 2939 ijs
1611 2900 1748 2942 prope
1781 2886 2060 2941 quotidianis

514 3036 525 3055 ยน
551 3035 619 3070 Die
645 3035 874 3080 Schreibung
901 3036 1075 3071 Oathech.
1102 3035 1289 3081 begegnet
1313 3047 1381 3071 uns
1408 3038 1532 3083 hiiufig
1556 3039 1593 3073 in
1618 3039 1801 3075 Schriften
1827 3040 1889 3075 des
1916 3041 1966 3076 16.
1985 3041 2057 3076 und

374 3095 572 3130 17.Jal1rh.
