2143 3462
93 348 262 373 Constantia
283 348 312 371 in

64 385 229 409 scholarum
253 384 334 408 horis

63 425 89 444 et
114 420 328 446 vacationibus.

205 799 330 824 Vacatio.

199 1115 317 1139 Vacatio

181 1151 322 1183 gent-ralis
329 1168 334 1173 .

175 1658 241 1681 Dies
263 1656 340 1680 sesti.

355 219 445 262 264
539 228 649 263 Ratio
676 228 878 264 studiorum
905 237 945 265 et
969 230 1224 267 institutiones
1250 229 1500 265 scholasticae
1525 229 1721 267 Societatis
1746 232 1836 268 Jesu
1860 233 1899 268 II

494 346 577 394 35.
611 347 898 402 Constituat‚
945 347 1215 404 quibusnam
1246 353 1344 391 toto
1376 363 1495 391 anno
1525 349 1650 392 horis
1680 349 1962 393 inchoandae
1991 352 2093 394 fini-

351 417 582 474 endaeque
615 418 709 460 sint
741 418 932 473 scholae,
966 419 1044 461 ubi
1076 420 1212 462 certis
1244 419 1353 461 anni
1383 420 1662 477 temporibus
1682 421 1936 475 variantur3
1972 422 2092 479 quod

351 494 503 531 autem
526 490 824 532 constitutum
846 490 999 545 fuerit,
1022 490 1070 532 in
1092 505 1142 533 eo
1163 494 1420 533 constanter
1444 491 1841 547 perseverandum3
1876 494 1993 535 sicut
2010 508 2094 536 nec

350 561 485 603 facile
518 562 897 618 permittendum,
937 567 989 604 ut
1028 561 1122 603 dies
1155 561 1407 604 vacationis
1447 562 1826 606 hebdomadariae
1858 562 2094 606 differatur

351 636 430 673 aut
461 632 751 689 anticipetur3
803 632 1161 688 curandumque,
1198 636 1250 674 ut
1282 632 1390 674 ordo
1423 632 1616 688 dierum,
1649 633 1813 690 quibus
1845 633 2094 677 docendum

352 707 397 744 et
429 703 592 758 quibus
625 703 879 745 vacandum
911 707 989 757 est,
1024 703 1209 745 omnino
1242 707 1458 746 servetur.

494 796 576 844 36.
610 797 675 841 Ut
708 798 948 840 assiduitas
980 798 1028 839 in
1061 798 1261 840 literario
1290 798 1518 853 exercitio,
1550 798 1614 840 sic
1646 802 1690 840 et
1720 798 1872 855 aliqua
1893 799 2093 842 remissio

351 869 599 910 necessaria
631 874 715 921 est3
760 868 1011 911 cavendum
1043 874 1209 923 tamen,
1242 884 1298 910 110
1331 869 1452 912 ullae
1484 884 1629 912 novae
1660 869 1920 913 vacationes
1951 871 2096 913 intro-

353 940 590 994 ducantur,
632 945 676 981 et
706 939 754 981 in
786 939 855 993 iis,
896 954 1008 995 quae
1041 940 1423 996 praescribuntur,
1457 941 1716 983 constantia
1747 946 1965 984 servetur.
2028 943 2095 985 De

354 1012 518 1068 quibus
549 1012 657 1054 haec
689 1011 977 1068 potissimum
1009 1011 1199 1053 dicenda
1231 1017 1358 1054 sunt:

497 1112 573 1158 37.
622 1116 660 1165 ξ.
697 1116 732 1156 1.
768 1111 1121 1155 Anniversariae
1142 1113 1402 1155 vacationes
1421 1113 1652 1169 generales
1685 1113 1895 1155 classium
1925 1112 2095 1170 superi-

355 1198 482 1227 orum
519 1184 741 1226 breviores
771 1197 864 1225 non
896 1183 988 1225 sint
1018 1196 1109 1225 uno
1141 1197 1305 1238 mense,
1335 1198 1418 1226 nec
1448 1184 1675 1240 longiores
1708 1184 1896 1227 duobus.

449 1274 593 1313 1599:
653 1271 920 1325 Rhetorica,
971 1271 1060 1313 nisi
1113 1285 1208 1313 mos
1338 1275 1486 1314 1832:
1521 1271 1762 1314 Inferiores
1776 1276 1927 1314 autem
1945 1285 2097 1314 omnes

357 1343 682 1388 Universitatis
711 1342 835 1385 aliud
858 1343 1025 1399 exigat,
1059 1357 1209 1384 mense
1248 1357 1400 1385 mense
1433 1343 1612 1385 circiter
1643 1346 1818 1386 vacent.

358 1420 508 1469 vacet3
559 1414 835 1457 Humanitas
867 1414 1014 1456 tribus
1046 1413 1231 1456 hebdo-'

359 1485 524 1539 madis3
595 1485 814 1542 Suprema
876 1485 1212 1527 Grammaticae

362 1557 556 1611 duabus3
591 1571 682 1599 una
714 1560 894 1598 tantum
926 1556 1137 1612 reliquae.

504 1656 543 1706 ξ.
577 1656 616 1697 2.
650 1652 716 1696 Ut
736 1652 846 1694 certi
868 1651 1064 1708 statique
1087 1653 1179 1694 sint
1201 1651 1294 1694 dies
1312 1652 1433 1706 festi,
1467 1666 1657 1707 quorum
1687 1665 1923 1693 numerum
1954 1649 2100 1693 minui

361 1724 508 1780 magis
539 1738 675 1780 quam
709 1722 864 1778 augeri
897 1727 1088 1780 oportet,
1123 1738 1277 1765 eorum
1310 1723 1581 1779 Catalo'gum
1614 1722 1943 1765 conficiendum
1974 1725 2099 1764 curet

361 1810 440 1852 pro
473 1810 578 1838 suae
608 1794 806 1850 regionis
838 1794 943 1836 ritu.

504 1888 542 1938 ξ.
577 1886 617 1928 3.
650 1883 691 1926 A
711 1883 872 1940 vigilia
894 1883 1072 1927 Natalis
1095 1884 1282 1926 Domini
1303 1883 1360 1926 ad
1379 1883 1544 1926 festum
1576 1898 1716 1940 usque
1737 1881 2100 1926 Circumcisionis

363 1956 481 1998 diem
515 1956 674 1997 classes
706 1955 973 2012 superiores,
1006 1954 1240 1997 inferiores
1270 1969 1376 1997 vero
1410 1970 1436 1997 a
1467 1954 1652 1997 meridie
1685 1954 1884 2011 ejusdem
1915 1953 2101 2010 vigiliae

362 2042 503 2084 usque
536 2027 591 2069 ad
623 2027 789 2069 festum
822 2026 941 2069 diem
975 2027 1018 2069 S.
1037 2026 1355 2068 Innocentium
1387 2031 1561 2069 vacent.

507 2121 544 2173 ξ.
577 2120 617 2160 4.
665 2117 707 2158 A
740 2115 1125 2172 Quinquagesima
1156 2120 1365 2170 vacetur,
1397 2115 1478 2157 ubi
1509 2129 1604 2157 mos
1637 2115 1742 2170 erit,
1780 2128 1919 2170 usque
1952 2113 2008 2156 ad
2039 2112 2102 2155 fe-

364 2189 478 2231 riam
520 2193 726 2245 quartam
760 2188 996 2242 Cinerum,
1044 2202 1132 2243 quo
1175 2191 1327 2229 tamen
1368 2186 1441 2228 die
1477 2191 1579 2243 post
1617 2185 1850 2228 meridiem
1889 2184 2101 2241 Magistri

366 2275 519 2302 omnes
551 2259 754 2302 doceant.

508 2352 545 2403 ξ.
580 2352 618 2393 5.
672 2350 713 2391 A
744 2349 985 2391 Dominica
1017 2348 1277 2390 Palmarum
1316 2361 1456 2402 usque
1493 2345 1550 2388 ad
1582 2345 1869 2387 Dominicam
1900 2345 1950 2387 in
1988 2344 2101 2387 albis

367 2420 614 2477 superiores
636 2420 810 2474 classes,
845 2419 1081 2462 inferiores
1112 2423 1262 2461 autem
1294 2433 1320 2459 a
1348 2417 1534 2459 meridie
1556 2420 1740 2472 quartae
1760 2416 1898 2458 feriae
1919 2415 2102 2471 majoris

367 2491 673 2533 hebdomadae
707 2506 848 2547 usque
881 2491 937 2533 ad
968 2490 1128 2533 feriam
1160 2490 1340 2532 tertiam
1373 2487 1609 2530 Paschatis
1642 2492 1816 2530 vacent.

512 2583 547 2635 ξ.
582 2584 619 2624 6.
660 2581 702 2622 Α
733 2580 896 2635 vigilia
926 2580 1217 2622 Pentecostes
1248 2579 1296 2620 in
1329 2577 1492 2619 scholis
1525 2577 1840 2633 superioribus,
1872 2577 1921 2618 in
1951 2576 2103 2618 inferi-

369 2651 520 2692 oribus
555 2666 580 2692 a
613 2650 796 2692 meridie
827 2650 1024 2707 ejusdem
1056 2650 1243 2705 vigiliae
1274 2663 1414 2705 usque
1441 2648 1498 2691 ad
1517 2647 1677 2691 feriam
1700 2647 1881 2690 tertiam
1903 2650 2101 2701 vacetur,

371 2726 415 2763 et
446 2727 676 2778 praeterea
707 2721 820 2763 feria
851 2721 1023 2777 quinta.

512 2808 550 2857 ξ.
585 2808 623 2847 7.
657 2805 808 2847 Pridie
831 2804 1143 2847 Solemnitatis
1167 2803 1376 2860 Corporis
1396 2802 1582 2845 Domini
1611 2806 1709 2844 tum
1740 2801 1973 2844 inferiores
2004 2805 2102 2843 tum

371 2876 617 2934 superiores
640 2891 664 2917 a
686 2876 872 2917 meridie
892 2876 1036 2918 solum
1058 2879 1241 2928 vacent3
1275 2877 1431 2916 contra
1463 2889 1569 2916 vero
1600 2874 1649 2915 in
1681 2872 2103 2915 commemoratione

373 2946 688 2989 defunctorum
720 2947 864 2988 solum
898 2951 1004 2988 ante
1038 2945 1283 2988 meridiem.

515 3033 552 3083 ξ.
587 3033 624 3073 8.
671 3030 810 3071 Porro
842 3029 911 3070 his
944 3029 1113 3083 diebus,
1147 3027 1311 3083 quibus
1342 3027 1520 3070 scholae
1551 3031 1730 3069 tantum
1761 3026 1994 3069 inferiores
2025 3025 2102 3068 ha-

377 3102 551 3153 bentur,
584 3100 699 3143 nihil
732 3099 784 3142 de
818 3099 1021 3156 legitimo
1054 3104 1251 3155 tempore
1285 3098 1575 3141 diminuatur.
