2148 3402
489 190 533 234 R.
561 198 606 234 st.
636 192 736 235 1586.
787 191 942 234 Scholae
967 193 1126 233 Gramm.
1154 200 1192 233 et
1216 190 1322 233 Hum.
1677 183 1760 232 189

61 321 269 377 exigatur
300 324 434 376 atque
466 320 704 373 indicetur,
737 317 961 374 quomodo
985 317 1183 374 quidque
1210 318 1270 359 sit
1290 317 1560 359 vertendum
1581 318 1759 372 Latine,

60 392 138 448 qui
184 391 307 433 modi
351 406 404 432 ac
454 396 658 447 tempora
702 388 849 430 latina
889 389 1145 431 vernaculis
1186 388 1512 445 respondeant:
1562 404 1759 444 quonam

59 467 194 520 pacto
234 462 283 504 in
321 461 558 504 scribendo
599 460 814 503 Themate
855 459 1131 502 consulenda
1171 465 1307 515 atque
1347 458 1629 501 obseruanda
1669 460 1762 501 sint

63 538 305 590 praecepta
350 532 697 575 Grammaticae.
760 531 937 572 querit
979 531 1116 572 etiam
1156 530 1304 584 valde,
1354 530 1392 572 si
1434 544 1761 585 nonnunquam

62 603 289 646 Ciceronis
321 603 521 659 aliquam
553 602 789 659 epistolam
822 616 876 643 ex
899 601 968 657 ijs,
1002 616 1114 657 quas
1146 602 1388 644 audierunt
1408 601 1563 656 Pueri,
1596 601 1644 643 in
1665 617 1762 643 ver-

58 676 269 717 naculam
301 675 508 730 linguam
540 677 822 716 conuertant.

202 745 405 787 Dimidia
449 745 640 787 reddent
686 743 946 785 memoriter
991 745 1326 787 Grammaticae
1373 745 1553 800 regulas
1598 744 1761 800 prioris
1800 745 2014 812 ponff'gjsgssm.

60 817 163 859 diei.
226 818 384 859 Altera
415 816 606 858 dimidia
638 815 860 857 Themata
892 815 1190 870 corrigentur.

202 889 500 945 Exponentur
529 887 711 942 regulae
744 886 799 928 de
838 886 1103 928 Praeteritis
1140 891 1185 928 et
1217 886 1423 943 SupiniS‚
1465 891 1510 928 et
1541 886 1763 929 Themata
1802 888 2016 954 ‘'offeci-¹3:3¹3&

60 960 266 1002 breuiora
309 959 491 1014 singula
530 958 621 1001 fere
660 957 854 1013 singulis
892 958 1050 999 Pueris
1094 963 1407 1015 proponantur
1450 973 1505 999 ex
1544 964 1763 1015 tempore,

63 1031 157 1073 siue
188 1045 267 1087 per
298 1035 504 1072 mutuam
536 1029 941 1083 concertationem,
982 1028 1077 1070 siue
1115 1044 1194 1086 per
1224 1029 1537 1085 Praeceptoris
1568 1043 1762 1085 operam.

202 1103 407 1144 Ponatur
436 1101 485 1143 in
519 1102 796 1143 Graecorum
827 1099 1075 1156 Barytonis
1106 1100 1257 1143 verbis
1290 1100 1603 1156 coniugandis,
1779 1101 2041 1126 U¹²i¹¹¹²⁸2¹¹¹³¹¹⁰ffi

1804 1138 2019 1169 pomeridiana.

495 1221 687 1270 Primae
726 1222 900 1271 classis
940 1220 1146 1270 inferior
1184 1221 1320 1270 ordo.
1785 1243 1896 1275 pam.

205 1315 568 1372 Explicabuntur
598 1315 647 1357 in
683 1315 769 1357 hoc
800 1314 956 1356 ordine
986 1314 1134 1370 primo
1165 1314 1438 1371 appendices
1470 1315 1656 1357 secundi
1688 1330 1765 1371 ge·
1785 1315 2049 1376 aagessi'i’ss'ffiizol-

61 1387 180 1429 neris
210 1402 288 1444 per
318 1401 473 1428 omnes
505 1386 746 1429 verborum
768 1386 943 1439 classes⁷
975 1399 1193 1441 casusque
1219 1400 1491 1428 communes.
1555 1387 1764 1428 Secundo
1849 1387 1922 1418 ¹⁶g³⁰
1944 1387 1976 1410 R·

58 1458 335 1514 reliquarum
355 1458 555 1515 partium
576 1456 811 1511 orationis⁷
843 1461 1162 1512 praeterquam
1187 1458 1333 1512 verbi,
1363 1462 1464 1500 tota
1486 1458 1764 1500 constructio

61 1529 341 1584 Transitiua,
386 1534 439 1572 vt
484 1529 677 1571 habetur
716 1528 765 1569 in
805 1529 1100 1570 Emmanuele
1141 1544 1243 1571 cum
1283 1529 1378 1570 eius
1425 1529 1763 1586 appendicibus.

65 1601 300 1643 Postremo
340 1605 625 1658 exponentur
664 1600 879 1657 epistolae
910 1601 971 1643 M.
994 1600 1154 1656 Tullij,
1195 1615 1308 1656 quae
1345 1600 1526 1655 longius
1558 1607 1604 1642 et
1638 1616 1765 1643 accu-

63 1672 208 1713 ratius
241 1671 436 1728 scriptae
458 1671 753 1715 videbuntur:
787 1671 966 1727 aliquae
998 1673 1136 1713 etiam
1169 1671 1386 1728 epistolae
1406 1672 1660 1714 Heroidum
1694 1687 1768 1713 ex-

62 1747 296 1798 purgatae,
331 1743 404 1786 vel
434 1742 716 1785 honestiores
748 1743 969 1798 Eclogae¹
1008 1742 1207 1798 Virgilij.

459 1864 703 1913 Horarum
743 1864 924 1913 diuisio
964 1865 1011 1912 in
1053 1864 1146 1913 hoc
1187 1864 1375 1913 ordine.

206 1956 408 1998 Dimidia
454 1957 712 1999 memoriter
757 1958 973 2000 recitetur
1017 1958 1078 1999 M.
1108 1957 1245 2013 Tullij
1289 1957 1547 2014 praelectio.
1611 1958 1769 2000 Altera
1788 1959 2028 2019 alfft’gfflssigffla·

64 2025 256 2070 dimidia
302 2028 585 2085 explicentur
632 2029 969 2071 Grammaticae
1015 2034 1255 2086 praecepta
1302 2045 1405 2071 cum
1445 2029 1768 2072 exercitatione

64 2099 333 2142 Thematum
371 2100 770 2156 extemporalium‚
819 2101 891 2143 vel
922 2100 1130 2142 hesterna
1161 2101 1403 2156 praelectio
1435 2106 1679 2157 repetatur,
1728 2101 1766 2142 si

64 2169 181 2211 nihil
213 2186 267 2211 ex
300 2171 606 2213 Grammatica
638 2171 777 2214 fuerit
810 2172 1126 2213 enarrandum.

205 2242 266 2283 M.
294 2243 470 2284 Tullius
505 2243 755 2300 explicetur
791 2242 1014 2284 semihora
1054 2258 1156 2285 cum
1196 2243 1334 2285 trium
1372 2248 1625 2299 quatuorue
1675 2245 1762 2285 ele-
1787 2245 2031 2305 autffizur'i'gssw

64 2312 326 2367 gantiorum
364 2314 649 2357 locutionum
695 2317 824 2370 (quas
862 2314 998 2355 Pueri
1043 2314 1274 2371 excipiant
1317 2315 1574 2370 scribendo)
1624 2330 1764 2357 anno-

66 2384 239 2426 tatione
270 2389 449 2441 praeter
482 2386 811 2428 Grammaticas
842 2385 1199 2428 exercitationes.
1261 2386 1435 2428 Deinde
1462 2391 1704 2442 repetatur.

206 2454 378 2497 Thema
409 2456 616 2511 dictetur,
648 2462 693 2498 et
715 2456 959 2512 aliquando
993 2456 1051 2498 ad
1073 2457 1290 2513 epistolae
1320 2457 1528 2499 formam:
1563 2457 1764 2501 Verbum
1780 2458 2042 2519 ‘jfftifflesgffiiahnffiff’

67 2526 203 2568 etiam
235 2541 398 2581 vnum,
438 2532 517 2568 aut
547 2527 637 2569 duo
670 2528 817 2570 triaue
848 2527 1036 2569 nomina
1067 2528 1256 2570 alternis
1286 2529 1601 2570 inflectantur:
1651 2534 1696 2570 et
1728 2529 1765 2570 si

66 2597 168 2652 plus
206 2597 380 2652 aliquid
417 2603 564 2652 vacet,
613 2598 895 2654 superiorum
935 2599 1110 2640 dierum
1148 2605 1367 2641 annotata
1407 2605 1702 2656 reposcantur
1740 2615 1766 2640 a

69 2666 238 2709 Pueris.

209 2738 412 2780 Dimidia
442 2739 686 2782 recitentur
717 2741 977 2783 memoriter
1007 2746 1245 2798 praecepta
1274 2742 1623 2784 Grammaticae.
1688 2743 1765 2784 AJ-
1814 2743 1911 2767 Prima
1929 2742 1999 2767 '¹⁰¹²’

70 2811 168 2850 tera
199 2808 389 2851 dimidia
419 2810 638 2852 Themata
669 2812 977 2854 emendentur.
1804 2778 2019 2810 p⁰me¹¹d¹⁸¹³³·

210 2881 477 2938 Explicetur
510 2882 663 2937 aliqua
696 2883 768 2925 vel
787 2884 963 2939 Ecloga
981 2884 1166 2940 Virgilij
1194 2885 1268 2928 vel
1288 2883 1495 2942 Epistola
1515 2884 1765 2926 Heroidum
1786 2892 1813 2915 Ρ·
1834 2884 1896 2909 283·

1846 2919 1978 2944 Secunda

71 2949 240 3007 Ouidii,
271 2952 348 2994 sed
379 2957 473 2994 tam
506 2953 715 3008 breuiter,
747 2960 798 2997 vt
829 2954 1071 3011 praelectio
1104 2960 1149 2997 et
1179 2955 1387 3013 repetitio
1417 2954 1639 2997 semihora
1661 2968 1763 2995 con·
1799 2955 2013 2986 ⁹⁰⁰¹01'idiaufl-

216 3105 227 3124 ¹
256 3106 504 3151 „Aeglogae“‚
531 3107 605 3141 und
632 3117 671 3141 so
696 3107 905 3152 bestandig.
