2148 3402
529 179 573 224 R.
593 192 640 224 st.
664 182 764 224 1586.
815 184 936 223 Prom.
961 177 1006 223 ad
1032 187 1142 224 class.
1169 180 1344 233 superior.
1698 173 1781 225 1³7⁶?

83 307 398 349 Humanitatis
428 307 561 349 initio
593 312 775 349 tantum
806 307 1077 350 studiorum:
1131 323 1185 350 ex
1233 308 1420 350 caeteris
1459 314 1634 365 praeter
1665 311 1782 353 hanc

83 380 225 421 altera
256 379 392 421 etiam
426 379 620 421 addatur
650 379 698 420 in
729 378 972 434 Paschate‚
1014 378 1108 420 siue
1141 379 1276 435 paulo
1309 384 1430 433 ante3
1484 381 1665 422 tametsi
1696 382 1782 424 hoc

81 455 281 507 tempore
312 451 445 507 pauci
476 455 583 492 sunt
614 449 921 507 promouendi,
966 465 1048 492 nec
1079 450 1168 492 nisi
1199 450 1362 507 optimi
1393 450 1574 506 quique,
1620 453 1711 507 qui,
1744 453 1781 494 si

80 522 128 563 in
160 537 212 564 ea
242 522 380 564 classe
412 526 696 564 morarentur
726 521 912 576 diutius,
944 521 1054 564 noui
1086 536 1198 578 pene
1230 521 1348 563 nihil
1380 521 1677 564 addiscerent.

223 597 262 638 2.
296 594 395 634 Hae
427 607 535 636 vero
572 593 702 634 binae
734 592 1040 648 promotiones
1069 592 1275 648 exigunt,
1307 597 1406 635 tum
1438 599 1491 635 vt
1510 594 1783 650 Praeceptor

80 664 274 719 quilibet
320 669 446 706 sexto
486 678 663 720 quoque
703 679 853 705 mense
898 678 1002 705 suae
1041 664 1231 706 Scholae
1277 679 1467 721 pensum
1512 679 1781 720 cursumque

79 740 269 792 peragat
302 750 352 777 ac
383 750 536 777 rursus
568 735 772 788 inchoet3
805 749 898 776 non
919 735 1040 777 enim
1063 735 1146 778 vlli
1167 735 1465 792 promouendi
1489 740 1607 790 sunt,
1639 736 1782 792 prius-

79 823 214 863 quam
246 808 398 849 omnia
429 822 534 849 suae
565 807 696 848 classi
717 806 898 863 propria
920 806 1184 860 didicerint;
1218 811 1316 848 tum
1337 810 1390 848 vt
1410 806 1581 848 nullius
1602 806 1780 849 scholae

78 884 221 922 status
268 884 370 936 post
415 880 582 935 primos
621 878 730 920 anni
768 893 846 920 sex
885 892 1060 919 menses
1100 877 1362 932 attollatur,
1414 877 1491 918 sed
1529 882 1627 919 toto
1661 892 1780 919 anno

77 956 327 1008 perseueret
357 950 635 994 vniusmodi:
685 949 891 1005 alioquin
924 949 1110 990 minime
1143 953 1412 1004 congrueret
1443 948 1518 1004 ijs,
1561 948 1639 1005 qui
1672 954 1782 991 tunc

77 1023 273 1079 primum
314 1022 370 1064 ad
409 1037 508 1064 eam
548 1022 811 1063 ascendunt.
880 1021 934 1062 Id
973 1020 1094 1076 quod
1137 1035 1220 1062 nec
1252 1020 1397 1062 oberit
1429 1020 1780 1075 antiquioribus,

76 1110 178 1136 cum
210 1094 391 1148 idcirco,
423 1093 472 1135 in
502 1108 592 1149 qua
624 1099 752 1134 erant
784 1093 938 1146 classe,
970 1092 1301 1147 relinquantur,
1333 1091 1454 1148 quod
1485 1090 1534 1133 in
1565 1091 1634 1147 ijs,
1666 1107 1781 1147 quae

77 1165 325 1220 audierant,
364 1165 566 1207 nondum
608 1163 908 1221 profecerunt,
948 1167 1001 1205 vt
1040 1178 1123 1219 par
1161 1168 1271 1207 erat.
1334 1162 1541 1212 Quadrat
1579 1163 1698 1205 idem
1730 1164 1778 1205 in

76 1236 390 1278 Humanitatis
412 1236 611 1290 classem,
646 1251 775 1291 quae,
809 1235 847 1276 si
869 1235 952 1277 sub
974 1233 1357 1289 Quadragesimae
1378 1234 1515 1276 finem
1537 1234 1594 1276 ad
1616 1234 1780 1277 altiora

74 1309 407 1365 proueheretur,
440 1307 694 1365 PrimalniS,
728 1321 840 1363 quos
860 1311 970 1348 tunc
990 1305 1164 1362 recipit,
1195 1320 1357 1362 parum
1380 1310 1482 1362 apte
1504 1306 1779 1348 conueniret.

73 1380 223 1435 Igitur
254 1380 375 1421 intra
405 1394 508 1421 suos
541 1394 586 1420 se
617 1379 728 1420 fines
760 1378 1004 1433 contineat,
1043 1382 1088 1419 et
1120 1378 1168 1419 in
1201 1377 1355 1419 eodem
1389 1377 1536 1433 gradu
1566 1379 1778 1434 persistat

74 1451 131 1492 ad
160 1451 272 1493 duos
303 1465 445 1506 usque
476 1465 650 1492 menses
681 1456 919 1504 extremos,
954 1449 1119 1505 quibus
1151 1448 1261 1490 satis
1293 1448 1430 1490 fuerit
1462 1449 1511 1490 in
1542 1463 1593 1490 ea
1614 1449 1780 1506 exponi

74 1522 344 1564 Rhetoricae
376 1522 695 1579 compendium
727 1537 781 1563 ex
814 1522 1065 1578 Cypriano,
1103 1520 1241 1575 idque
1272 1519 1497 1562 duntaxat
1529 1525 1581 1562 vt
1611 1521 1780 1577 superi-

74 1594 163 1635 oris
195 1594 346 1635 classis
378 1594 610 1649 isagogen.

213 1668 253 1710 3.
288 1665 486 1722 Expedit
509 1670 674 1718 autem,
707 1664 1037 1720 promouendos
1057 1663 1309 1705 examinari
1341 1678 1506 1718 seuere,
1538 1669 1636 1706 tum
1669 1665 1778 1720 quia

73 1737 223 1792 pueris
254 1736 549 1792 perniciosius
581 1742 649 1777 est
680 1736 916 1777 ascendere
948 1750 1038 1777 non
1071 1735 1271 1790 idoneos,
1306 1750 1443 1790 quam
1466 1736 1665 1791 idoneos,
1699 1736 1778 1778 vbi

72 1812 189 1862 sunt,
222 1808 426 1861 retineri;
461 1813 559 1849 tum
592 1807 712 1863 quia,
745 1808 967 1862 siquando
999 1807 1242 1863 ineptiores
1275 1807 1418 1862 aliqui
1450 1807 1775 1870 prouehuntur‚

72 1880 312 1935 superioris
339 1879 493 1921 classis
526 1879 730 1921 ordinem
761 1878 1031 1935 perturbant
1062 1892 1154 1920 non
1186 1893 1363 1935 parum:
1397 1882 1496 1920 tum
1529 1879 1635 1934 quia
1661 1894 1775 1921 non-

71 1950 188 1992 nulli
232 1950 557 2006 Episcoporum
595 1951 943 1992 Examinatores
990 1965 1043 1991 ex
1090 1965 1142 1992 ea
1181 1950 1341 2004 classe,
1390 1950 1447 1991 ad
1493 1965 1629 2006 quam
1674 1951 1776 2006 quis

71 2027 303 2077 promotus
334 2022 393 2063 sit
424 2022 544 2078 apud
576 2022 787 2075 Nostros,
831 2020 1032 2062 iudicare
1074 2022 1221 2063 solent
1257 2022 1312 2063 de
1351 2021 1585 2064 doctrinae
1617 2023 1775 2078 gradu,

69 2108 205 2148 quem
237 2094 351 2134 sacri
384 2093 576 2135 Ordines
609 2093 815 2148 exigunt.
878 2092 927 2134 Si
960 2092 1039 2148 qui
1071 2108 1178 2135 Vero
1199 2097 1295 2134 toto
1329 2093 1512 2135 biennio
1544 2094 1593 2135 in
1625 2094 1776 2150 aliqua

72 2165 211 2206 classe
250 2164 443 2218 fuerint,
487 2180 568 2206 1166
614 2165 670 2206 ad
707 2164 1040 2220 promotionem
1072 2163 1289 2205 videntur
1321 2164 1485 2219 idonei,
1525 2165 1775 2221 dispensari

71 2250 173 2277 cum
204 2236 259 2292 ijs
288 2241 449 2292 posset,
482 2236 520 2277 si
552 2250 639 2291 qua
668 2235 727 2276 sit
746 2250 860 2291 spes,
893 2249 968 2276 eos
988 2235 1036 2276 in
1056 2235 1209 2277 schola
1229 2236 1457 2292 superiore
1478 2235 1773 2292 profecturos,

69 2312 121 2349 ut
154 2308 423 2362 ascendant,
463 2321 554 2349 non
595 2312 747 2348 tamen
779 2306 992 2361 legantur
1024 2306 1072 2347 in
1105 2307 1315 2362 catalogo
1347 2307 1772 2364 promouendorum‚

71 2378 148 2419 sed
180 2384 360 2420 curetur
390 2378 561 2434 potius,
594 2383 667 2431 vt,
701 2392 789 2432 qua
820 2377 874 2418 de
907 2392 1042 2418 causa
1072 2384 1452 2433 promoueantur,
1484 2379 1650 2421 caeteri
1680 2393 1774 2421 non

70 2449 302 2504 ignorent,
349 2449 469 2504 quod
508 2449 602 2490 sine
642 2449 888 2491 offensione
925 2448 1024 2490 fieri
1062 2449 1221 2504 possit;
1275 2449 1345 2490 sin
1383 2449 1608 2506 desperati
1639 2450 1772 2506 plane

70 2521 183 2576 sint,
223 2536 307 2562 nec
344 2520 545 2562 honestis
583 2521 636 2562 de
675 2520 821 2562 causis
852 2520 1113 2562 viderentur
1151 2520 1424 2576 expellendi,
1467 2526 1632 2576 agatur
1670 2536 1773 2563 cum

70 2592 148 2648 ijs,
188 2592 303 2634 sicut
342 2596 386 2633 et
426 2606 527 2633 cum
566 2591 720 2648 paucis
757 2591 868 2645 illis,
914 2591 990 2647 qui
1031 2606 1196 2633 nomen
1240 2606 1370 2633 suum
1403 2591 1451 2633 in
1484 2592 1772 2634 Matriculam

71 2662 224 2703 referri
256 2662 432 2704 nolunt.

211 2737 252 2777 4.
287 2734 342 2775 In
374 2733 579 2775 examine
609 2733 1019 2789 promouendorum
1052 2738 1141 2775 tres
1169 2734 1261 2775 sint
1294 2735 1660 2789 Examinatores,
1693 2734 1768 2789 qui

71 2804 252 2860 quidem
283 2804 376 2845 sint
407 2809 453 2845 et
483 2803 662 2846 Iudices
695 2805 751 2846 ad
782 2805 914 2861 plura
945 2805 1175 2861 suffragia.
1239 2806 1416 2848 Horum
1449 2820 1682 2862 supremus
1713 2805 1772 2846 sit

71 2875 333 2918 Praefectus
365 2875 562 2927 aliusue,
607 2890 739 2930 quem
778 2876 872 2932 ipse
910 2876 1153 2918 suffecerit:
1202 2877 1314 2919 duos
1354 2876 1484 2931 alios,
1526 2891 1609 2918 1166
1640 2877 1772 2918 Ρ166-

71 2953 309 3003 ceptorem,
344 2962 368 2988 a
389 2961 477 3002 quo
500 2946 629 3002 pueri
651 2947 913 3001 ascendunt,
941 2963 1024 2989 nec
1046 2948 1251 3002 alterum,
1272 2948 1330 2989 ad
1353 2962 1486 3003 quem
1507 2947 1769 2999 ascendunt,

73 3023 297 3074 oporteret
336 3032 449 3072 esse,
489 3017 566 3058 sed
605 3017 715 3058 alios
756 3019 851 3070 (vbi
888 3023 1077 3074 possunt
1108 3019 1283 3071 haberi)
1320 3019 1368 3059 in
1408 3017 1768 3059 Humanioribus

1802 1324 1901 1357 p.261.

71 3088 213 3130 literis
259 3094 484 3143 versatos,
538 3088 645 3129 licet
690 3088 1019 3145 Phillosophiae
1074 3090 1148 3132 vel
1190 3088 1467 3143 Theologiae
1521 3087 1768 3129 auditores:
1790 3103 1880 3135 men

181 3184 366 3208 Monumenta
385 3183 556 3209 Germaniae
576 3183 774 3215 Paedagogica
793 3183 817 3208 V
1439 3172 1484 3205 12
