2084 3441
296 147 353 190 58
471 157 582 194 Ratio
609 158 810 195 studiorum
836 162 874 195 et
898 158 1154 195 institutiones
1180 158 1423 195 scholasticae
1448 159 1646 196 Societatis
1670 159 1694 195 J
1697 170 1761 197 esu
1785 160 1824 197 Π

1061 457 1154 499 ur.
1177 456 1223 501 7.

626 573 801 637 Bulla
844 573 939 637 Pii
982 573 1053 638 V.
1087 573 1147 638 et
1192 573 1462 654 Gregorii
1507 574 1664 640 XIII.

181 738 210 762 p.
232 731 275 755 54.
298 709 401 767 Quo
452 708 608 771 magis
651 705 942 756 Nostrorum
993 706 1247 756 doctrinae
1294 712 1342 756 et
1384 708 1637 757 securitati
1691 710 1988 769 consulatur,

294 806 473 856 operae
507 791 719 855 pretium
755 790 846 838 fuit
882 790 962 839 hic
990 791 1137 839 etiam
1164 790 1403 854 subijcere
1428 790 1500 854 Pij
1528 790 1585 841 V.
1617 790 1841 858 Gregorij
1862 792 1986 844 XIII.

291 873 484 922 Bullam
522 872 740 923 nondum
779 873 897 922 satis
937 873 1163 923 omnibus
1202 878 1370 924 notam
1408 890 1463 923 ac
1500 876 1857 939 peruulgatam,
1896 891 1990 941 qua

294 957 561 1006 nonnullae
589 956 842 1005 cuiusdam
869 956 1086 1006 doctoris
1106 957 1428 1007 Louaniensis
1454 959 1824 1023 propositiones
1852 957 1988 1008 dam-

290 1045 486 1090 nantur:
527 1044 579 1088 ut
615 1040 675 1102 ijs
707 1039 833 1089 bene
860 1042 1135 1105 perspectis
1169 1040 1313 1090 facile
1344 1041 1625 1105 intelligant
1655 1041 1838 1100 Nostri,
1879 1057 1988 1090 cum

295 1123 355 1172 ad
392 1123 479 1172 has
519 1124 802 1188 questiones
843 1123 1149 1183 deuenerint‚
1190 1124 1307 1190 quid
1345 1140 1429 1174 eos
1471 1125 1626 1190 sequi,
1665 1125 1781 1190 quid
1814 1140 1988 1175 cauere

405 1210 631 1271 oporteat
667 1207 720 1256 in
759 1207 998 1257 docendo.
1076 1209 1164 1259 Est
1201 1213 1363 1259 autem
1399 1208 1542 1258 Bulla
1578 1208 1872 1258 huiusmodi.

432 1348 679 1404 Gregorius
710 1348 962 1406 Episcopus
994 1364 1147 1393 seruus
1179 1364 1411 1393 seruorum
1451 1348 1538 1392 Dei
1581 1348 1639 1391 ad
1673 1348 1878 1392 futuram
1923 1347 1990 1391 rei

290 1419 567 1462 memoriam.
630 1420 911 1463 Prouisionis
942 1425 1122 1464 nostrae
1153 1422 1287 1465 debet
1316 1420 1554 1479 prouenire
1586 1420 1801 1476 subsidio,
1832 1424 1886 1464 vt
1924 1435 1989 1476 ea,

289 1506 403 1547 quae
449 1506 475 1534 a
519 1491 933 1549 praedecessoribus
979 1493 1145 1536 nostris
1190 1496 1471 1548 emanarunt,
1524 1492 1743 1535 suadente
1787 1492 1984 1535 maxime

286 1561 419 1605 Fidei
450 1562 712 1606 Catholicae
743 1564 1098 1620 conseruatione,
1129 1565 1388 1621 vbicunque
1420 1564 1530 1621 ipsis
1561 1578 1672 1621 opus
1703 1567 1783 1619 est,
1821 1563 1985 1621 produ-

288 1637 460 1676 cantur.
524 1634 672 1685 Quare
702 1649 785 1677 nos
815 1639 1016 1678 tenorem
1053 1636 1314 1679 litterarum
1351 1635 1468 1678 felic.
1506 1650 1592 1679 rec.
1632 1634 1702 1692 Pij
1747 1636 1896 1692 Papae
1927 1635 1983 1680 V.

287 1704 637 1762 praedecessoris
657 1706 816 1749 Nostri
847 1707 896 1749 in
928 1707 1024 1750 eius
1055 1708 1270 1765 Registro
1300 1710 1526 1765 repertum
1558 1706 1751 1749 describi
1782 1711 1827 1749 et
1856 1722 1984 1764 prae-

287 1776 488 1819 sentibus
535 1777 743 1820 annotari
782 1778 984 1834 fecimus,
1033 1779 1112 1836 qui
1158 1779 1263 1822 talis
1308 1782 1390 1822 est.
1441 1805 1499 1810 ——
1550 1778 1685 1821 Pius
1735 1778 1984 1836 Episcopus

287 1863 442 1890 seruus
473 1863 705 1892 seruorum
736 1849 822 1892 Dei
854 1850 911 1893 ad
951 1851 1153 1894 futuram
1192 1851 1257 1894 rei
1301 1851 1577 1894 memoriam.
1655 1849 1728 1892 Ex
1773 1850 1983 1893 omnibus

289 1919 623 1976 afflictionibus,
686 1936 795 1977 quas
856 1922 905 1964 in
963 1922 1049 1965 hoc
1107 1923 1206 1966 loco
1268 1939 1294 1965 a
1334 1922 1531 1966 Domino
1589 1921 1828 1965 constituti
1889 1925 1983 1964 tam

174 2017 202 2040 p.
225 2010 268 2034 55.
286 1991 492 2034 luctuoso
520 1995 526 2044 Ι
553 1997 753 2050 tempore
793 1994 1078 2046 sustinemus,
1124 1994 1202 2037 ille
1244 1994 1445 2037 animum
1484 1995 1701 2037 Nostrum
1745 1992 1984 2050 praecipue

287 2065 515 2106 excruciat
546 2063 686 2120 dolor,
727 2065 847 2121 quod
878 2065 1060 2122 Religio
1093 2065 1362 2120 Christiana,
1401 2065 1543 2108 tantis
1582 2064 1849 2122 iampridem
1886 2068 1982 2108 tur-

290 2134 472 2177 binibus
505 2135 691 2191 agitata,
723 2137 854 2179 nouis
886 2137 1087 2193 quotidie
1113 2137 1353 2195 propositis
1373 2136 1662 2194 opinionibus
1684 2136 1981 2196 confliotetur,

290 2205 549 2263 Christique
579 2208 785 2265 populus,
821 2208 998 2265 antiqui
1031 2209 1173 2252 hostis
1205 2208 1496 2265 suggestione
1528 2208 1760 2262 dissectus,
1786 2207 1835 2250 in
1868 2207 1980 2251 alios

288 2281 423 2333 atque
467 2278 579 2320 alios
620 2293 788 2321 errores
828 2280 994 2336 passim
1035 2285 1079 2322 et
1123 2281 1377 2338 promiscue
1426 2279 1666 2322 deferatur.
1747 2278 1980 2329 Quantum

287 2362 394 2390 vero
428 2349 484 2391 ad
515 2364 596 2392 nos
629 2350 805 2405 attinet,
844 2351 953 2394 totis
986 2351 1159 2395 viribus
1191 2367 1418 2406 conamur,
1457 2356 1509 2394 vt
1546 2351 1629 2406 illi,
1670 2350 1805 2394 simul
1844 2355 1979 2407 atque

286 2419 540 2475 prosiliunt,
573 2421 754 2478 penitus
777 2422 1115 2480 opprimantur:
1149 2438 1315 2479 magno
1337 2422 1503 2465 etenim
1525 2436 1724 2464 maerore
1744 2421 1978 2478 afficimur,

288 2491 407 2546 quod
439 2492 640 2548 plerique
672 2498 898 2550 spectatae
930 2495 1132 2551 alioquin
1163 2494 1405 2552 probitatis
1437 2498 1481 2536 et
1513 2493 1744 2536 doctrinae
1762 2493 1812 2535 in
1830 2494 1979 2536 varias

287 2562 530 2604 sententias
562 2563 820 2607 offensionis
851 2569 895 2607 et
926 2565 1112 2622 periculi
1142 2565 1298 2622 plenas
1338 2580 1440 2607 cum
1470 2565 1623 2619 verbo,
1664 2568 1763 2607 tum
1801 2565 1978 2622 scriptis

286 2640 598 2689 prorumpunt,
631 2635 771 2690 deque
803 2636 866 2678 eis
896 2637 1033 2679 etiam
1064 2636 1112 2679 in
1144 2636 1309 2679 scholis
1340 2635 1536 2678 inuicem
1569 2639 1976 2691 controuersantur,

286 2703 535 2746 cuiusmodi
569 2711 674 2748 sunt
705 2712 952 2763 sequentes.
1006 2709 1099 2750 Nec
1131 2707 1294 2763 angeli,
1326 2721 1408 2749 nec
1435 2707 1570 2764 primi
1591 2706 1788 2749 hominis
1829 2707 1976 2750 adhuc

286 2774 454 2830 integri
486 2777 645 2819 merita
676 2783 794 2821 recte
826 2783 1049 2821 vocantur
1080 2779 1240 2834 gratia.
1306 2778 1434 2821 Sicut
1466 2792 1578 2836 opus
1610 2779 1780 2820 malum
1812 2792 1866 2820 ex
1897 2794 1977 2821 na-

287 2850 391 2888 tura
422 2862 500 2888 sua
531 2853 597 2890 est
630 2849 787 2891 mortis
818 2855 1024 2892 aeternae
1056 2849 1349 2904 meritorium,
1381 2849 1445 2891 sio
1476 2849 1646 2891 bonum
1679 2863 1789 2906 opus
1821 2864 1877 2890 ex
1897 2864 1974 2892 na-

287 2921 389 2959 tura
428 2933 508 2960 sua
547 2923 612 2960 est
653 2920 773 2962 vitae
814 2925 1021 2963 aeternae
1061 2919 1354 2962 meritorium.
1417 2920 1479 2962 Et
1523 2920 1652 2962 bonis
1698 2920 1886 2975 Angelis
1932 2924 1976 2962 et

284 2987 429 3043 primo
462 2987 649 3042 homini,
695 2990 731 3031 si
775 2990 822 3031 in
861 2995 982 3033 statu
1019 2991 1098 3033 illo
1138 2991 1463 3048 permanissent
1494 3005 1635 3047 Vsque
1673 2989 1730 3033 ad
1761 2991 1973 3033 vltimum

289 3058 427 3113 vitae,
460 3058 653 3102 felicitas
684 3064 797 3103 esset
828 3076 1006 3117 merces,
1040 3066 1085 3104 et
1118 3076 1210 3105 non
1241 3062 1402 3118 gratia.
1466 3062 1575 3105 Vita
1603 3066 1781 3105 aeterna
1800 3061 1974 3108 homini
