2153 3467
273 199 361 241 520
456 208 566 243 Ratio
593 208 795 243 studiorum
821 211 858 241 et
882 206 1135 242 institutiones
1160 205 1403 241 scholasticae
1429 205 1626 241 Societatis
1652 207 1741 242 Jesu
1765 208 1803 243 Π

274 325 409 367 terim
443 325 631 367 solliciti
661 325 714 367 de
745 324 816 381 ijs,
851 340 964 381 quae
997 324 1054 366 ad
1091 323 1314 381 pastorale
1346 337 1457 365 onus
1489 327 1624 378 atque
1654 324 1896 366 1116101111111
1926 328 1998 370 1101

274 395 470 438 maxime
501 395 741 452 pertinent,
772 395 988 438 nimirum
1018 399 1071 436 ut
1101 393 1457 436 concreditarum
1480 393 1565 435 sibi
1597 394 1751 436 ouium
1773 395 2000 439 conscien—

275 467 364 509 tias
393 467 531 522 probe
563 466 816 522 intelligere
856 470 901 508 et
941 469 1123 522 peccata
1166 463 1416 505 discernere
1446 463 1714 519 morbosque
1747 464 1999 508 animorum

276 537 480 579 exitiales
528 551 699 591 curare,
743 541 788 578 et
831 551 924 578 non
962 536 1105 578 solum
1145 535 1194 576 in
1231 534 1308 576 uia
1346 533 1472 588 fidei,
1514 533 1589 575 sed
1621 533 1758 576 etiam
1798 536 1848 576 in
1877 537 2000 578 omni

274 607 451 650 iustitia
488 608 706 664 populum
744 608 986 649 exercitare
1025 610 1070 647 et
1106 619 1367 661 promouere
1406 604 1592 660 possint.
1656 604 1802 654 Quam
1840 607 1998 665 multa,

274 678 396 720 Deus
428 678 556 733 bone,
590 679 644 720 de
674 679 821 721 usuris
853 682 898 719 et
930 675 1313 726 restitutionibus
1344 675 1761 730 Ecclesiasticisque
1801 678 1999 720 censuris

274 748 478 791 notanda
510 752 554 790 et
584 748 853 791 inculcanda
884 751 990 789 sunt
1020 744 1377 799 confitentibus2,
1419 759 1531 800 quae
1567 745 1699 787 modo
1730 746 1810 788 uix
1839 747 2000 790 leuiter

275 818 585 877 attinguntur!
632 818 888 860 Fatendum
919 822 985 859 est
1015 831 1196 873 prorsus
1216 815 1437 871 simulque
1466 815 1803 871 deplorandum,
1833 833 2000 874 paucos

276 888 391 931 bene
431 889 587 931 doctos
628 893 672 930 et
711 888 878 945 peritos
916 888 1169 930 animarum
1207 886 1377 928 iudices
1413 886 1695 942 medicosque
1733 887 1999 943 spirituales,

277 960 527 1017 complures
557 974 662 1002 uero
696 974 848 1001 caecos
893 973 1127 1001 caecorum
1174 957 1308 999 duces
1337 956 1532 1013 reperiri,
1573 957 1651 1012 qui
1681 957 1799 999 inter
1830 958 2001 1015 lepram

278 1034 322 1072 et
352 1031 522 1087 lepram
543 1031 628 1072 rite
652 1030 912 1084 discernere,
946 1029 1231 1083 debitamque
1263 1042 1445 1070 suarum
1478 1027 1634 1069 ouium
1665 1042 1817 1070 curam
1849 1044 2001 1084 gerere

275 1101 493 1143 nesciant.
545 1102 781 1143 Praetereo
813 1100 993 1142 illarum
1026 1113 1202 1155 quoque
1231 1113 1381 1140 rerum
1414 1098 1718 1153 cognitionem
1739 1114 1790 1141 ac
1809 1100 2000 1157 praxim,

277 1171 331 1213 de
365 1171 528 1226 quibus
559 1171 753 1213 Parochi
784 1176 828 1213 et
861 1170 1131 1226 Confessarij
1164 1169 1330 1227 partim
1357 1184 1411 1211 ex
1432 1169 1529 1211 iure
1561 1169 1802 1225 Canonico,
1834 1170 2000 1227 partim

278 1256 332 1283 ex
366 1242 569 1284 Concilio
600 1242 863 1284 Tridentino
897 1240 1157 1298 cumprimis
1188 1240 1402 1283 instructi
1433 1244 1477 1282 et
1508 1240 1691 1282 solliciti
1712 1255 1803 1282 esse
1825 1241 2002 1296 debent,

277 1327 356 1354 suo
388 1316 440 1353 ut
471 1326 655 1354 munere
685 1313 821 1369 probe
851 1313 1117 1368 iungantur.

417 1383 557 1425 Porro
606 1383 726 1439 quod
778 1383 834 1425 ad
887 1382 1256 1426 concionandi
1306 1395 1470 1423 munus
1521 1379 1700 1436 publice
1745 1381 2002 1424 obeundum

277 1453 456 1507 attinet,
487 1458 615 1496 tanto
647 1453 795 1496 minus
826 1454 874 1495 in
904 1454 982 1496 illo
1004 1453 1219 1510 temporis
1251 1467 1301 1494 ac
1333 1451 1470 1507 studij
1506 1451 1815 1494 collocandum
1835 1452 2002 1508 iudico,

278 1530 448 1580 quanto
480 1525 624 1566 rarius
657 1525 842 1580 accidit,
879 1530 932 1567 ut
973 1524 1058 1566 hoc
1095 1523 1277 1580 quidem
1317 1523 1416 1565 loco
1448 1522 1676 1564 Parochus
1715 1538 1793 1579 per
1824 1537 1868 1565 se
1899 1538 1999 1565 uer-

277 1595 386 1637 bum
416 1595 503 1636 Dei
531 1596 772 1653 praedicet,
807 1610 856 1637 eo
889 1595 1010 1652 quod
1040 1595 1280 1652 pastoralis
1312 1593 1525 1635 cathedra
1547 1593 1824 1635 ordinarium
1846 1594 1999 1636 Eccle-

278 1666 446 1708 siasten
477 1666 564 1708 sibi
595 1666 761 1708 habeat
792 1667 1083 1709 destinatum.
1144 1666 1307 1708 Moneo
1345 1663 1530 1706 interim
1563 1679 1614 1706 ac
1643 1678 1753 1719 rogo
1786 1668 2000 1719 amanter,

275 1742 329 1780 ut
359 1752 451 1780 non
481 1738 653 1780 inuitus
685 1752 711 1780 a
743 1737 1040 1779 concionandi
1069 1737 1222 1779 labore
1253 1736 1548 1793 supersedeat,
1582 1749 1714 1790 quem
1744 1739 1840 1777 tam
1870 1735 2003 1792 pauci

278 1808 506 1851 auditores
537 1808 745 1865 probant,
777 1808 912 1851 multi
941 1821 1048 1850 uero
1080 1807 1193 1849 ferre
1213 1822 1306 1849 non
1325 1810 1531 1864 possunt,
1566 1811 1609 1847 et
1631 1805 1710 1861 qui
1727 1805 2001 1862 prudentum

278 1879 538 1922 testimonio
570 1880 782 1935 exiguam
813 1894 839 1921 a
869 1879 966 1920 Deo
999 1878 1173 1935 accepit
1209 1878 1404 1934 gratiam
1444 1877 1501 1919 ad
1540 1891 1678 1933 graue
1714 1876 1800 1918 hoc
1837 1890 2002 1918 munus

277 1950 591 1992 sustinendum
629 1965 674 1992 se
708 1965 802 1992 non
837 1951 1028 2005 ingerat.
1093 1950 1183 1991 Cur
1219 1949 1339 1991 enim
1370 1948 1418 1990 in
1449 1948 1697 1990 fraternum
1727 1946 1875 1988 sinum
1907 1960 1999 1989 non

281 2021 510 2063 effundam
547 2021 687 2063 libere
718 2022 838 2077 quod
873 2022 1119 2064 multorum
1151 2019 1449 2062 affirmatione
1480 2024 1524 2061 et
1555 2018 1862 2075 experimento
1894 2031 2000 2059 con-

277 2091 507 2134 firmatum
539 2092 696 2146 habeo,
729 2107 822 2134 non
852 2092 927 2134 hic
959 2107 1107 2134 meum
1138 2095 1182 2133 et
1211 2096 1341 2133 tuum
1362 2090 1607 2146 requirens,
1640 2089 1716 2131 sed
1747 2088 1869 2144 quod
1899 2102 2002 2130 011111

276 2162 445 2205 honore
487 2164 639 2205 fratris
672 2167 716 2204 et
746 2163 921 2205 ratione
951 2162 1166 2205 utilitatis
1206 2177 1257 2204 ac
1295 2161 1619 2203 aedificationis
1657 2159 1863 2216 publicae
1894 2173 1999 2201 con-

278 2233 485 2276 iunctum
517 2249 607 2276 esse
641 2235 800 2276 cerno?
849 2234 1039 2276 Accedit
1070 2238 1115 2275 et
1147 2238 1310 2275 natura
1342 2232 1508 2286 Stoica,
1541 2245 1654 2287 quae
1684 2244 1777 2271 sese
1807 2229 2000 2272 nimium

279 2304 328 2345 in
359 2305 515 2347 multis
544 2305 717 2362 prodit,
758 2319 901 2361 neque
940 2305 1086 2347 solum
1126 2305 1396 2357 orationem,
1429 2303 1505 2344 sed
1536 2305 1580 2344 et
1610 2300 2002 2342 conuersationem

278 2375 589 2431 praesentibus
631 2376 868 2418 insuauem
916 2380 960 2417 et
997 2376 1226 2431 ingratam
1264 2375 1552 2429 odiosamque
1590 2371 1759 2426 reddit,
1805 2371 2000 2413 maxime

281 2459 420 2500 quum
452 2446 705 2489 turbulenti
735 2447 900 2489 mentis
931 2447 1133 2501 affectuS,
1165 2451 1209 2488 et
1238 2444 1568 2502 indignationis
1589 2447 1737 2485 motus
1768 2443 1818 2484 in
1849 2441 2000 2484 oculos

277 2523 322 2559 et
354 2531 480 2559 aures
513 2518 704 2560 aliorum
742 2518 994 2560 incurrunt.
1056 2517 1124 2559 Ac
1159 2516 1249 2558 nisi
1285 2513 1610 2558 uehementiori
1648 2518 1838 2555 naturae
1869 2512 2000 2554 nobis

277 2587 544 2643 congenitae
564 2589 659 2631 uim
679 2589 905 2645 quandam
935 2588 1194 2642 inferamus,
1227 2591 1270 2629 et
1303 2585 1429 2642 quasi
1459 2584 1753 2627 rebellantem
1775 2583 1902 2639 Agar
1933 2597 2000 2624 sa-

276 2658 510 2716 pientioris
542 2658 749 2701 dominae
773 2659 909 2701 Sarae
940 2659 1126 2716 imperio
1147 2657 1449 2713 subijciamUS,
1481 2655 1724 2697 admodum
1743 2667 1910 2706 uereor,
1941 2667 1998 2694 ne

275 2729 360 2771 hoc
391 2728 692 2786 supercilium,
726 2734 769 2771 et
799 2730 948 2772 nescio
982 2745 1110 2785 quae,
1142 2733 1194 2771 ut
1225 2728 1288 2770 sic
1319 2727 1492 2782 loquar,
1523 2724 1843 2782 imperiositaS,
1884 2723 2000 2766 sicut

275 2800 420 2854 nobis,
461 2800 524 2842 sic
557 2799 657 2855 alijs
696 2801 833 2842 etiam
877 2800 1024 2856 magis
1067 2815 1119 2842 ac
1164 2798 1309 2854 magis
1341 2797 1520 2852 officiat,
1560 2800 1849 2851 nostramque
1880 2793 2000 2851 apud

274 2871 444 2913 multos
473 2870 715 2913 imminuat
753 2870 1099 2924 authoritatem,
1144 2869 1220 2911 sed
1258 2872 1303 2909 et
1339 2882 1552 2923 magnam
1584 2880 1738 2908 ansam
1769 2865 1996 2922 praebeat,

420 3036 430 3055 ¹
457 3035 502 3070 So
528 3046 598 3070 von
625 3034 793 3070 Canisius
820 3039 914 3070 statt
942 3039 1059 3078 „past
1086 3036 1248 3069 munus“.

417 3095 430 3113 ²
454 3095 535 3130 Von
562 3094 730 3130 Canisius
755 3098 851 3129 statt
878 3095 1067 3139 „populo“.
