2084 3441
233 546 240 552 .
261 527 304 551 68.

236 2250 241 2255 .
264 2232 306 2257 69.

325 162 381 204 66
501 171 611 206 Ratio
639 172 842 207 studiorum
869 178 907 208 et
932 173 1182 208 institutiones
1209 170 1449 208 scholasticae
1475 171 1670 209 Societatis
1695 173 1717 208 J
1722 185 1782 209 esu
1809 171 1847 208 11

325 291 549 334 duntaxat
581 293 817 346 monendo,
854 293 934 334 illa
972 293 1093 346 locis,
1132 292 1408 348 temporibus
1448 296 1491 334 et
1527 293 1729 348 personis
1767 307 2014 336 accommo-

325 362 422 403 dari
461 370 674 419 oportere,
717 364 922 418 quamuis
961 364 1016 405 ad
1056 364 1186 404 illum
1225 363 1430 405 ordinem
1471 363 1689 418 accedere,
1731 363 1878 419 quoad
1916 363 2014 405 fieri

324 438 486 489 potest,
520 434 801 476 comem-anf<

466 505 739 547 Huiusmodi
772 509 1013 547 trac-tatum
1046 504 1320 546 conscribere
1342 519 1443 546 cum
1465 519 1542 547 sex
1561 505 1716 546 Patres
1744 506 1749 562 Ι
1776 505 1887 548 iussi
1905 504 2015 547 fuis-

322 582 420 619 sent
452 593 477 618 a
508 578 563 618 R.
594 578 644 617 P.
675 577 934 632 Praeposito
975 575 1199 629 Generali,
1239 590 1341 617 eum
1379 575 1616 633 primarias
1653 580 1744 618 tres
1781 575 1831 618 in
1867 579 2016 633 partes

322 649 564 703 digessere:
618 648 685 688 Ac
727 647 924 702 primum
971 646 1024 688 de
1065 646 1330 702 Theologia:
1381 647 1556 689 Deinde
1600 646 1654 689 de
1697 646 2013 703 Philosophia:

322 720 556 761 Postremo
590 719 642 760 de
674 718 816 759 literis
853 718 1194 759 humanioribus
1233 718 1298 759 ita
1336 718 1592 772 disseruere,
1623 722 1691 772 vt,
1724 732 2016 774 quaecunque

323 791 379 832 ad
420 805 560 832 vnum
605 789 788 844 aliquod
824 804 971 830 rerum
1012 793 1148 845 caput
1190 789 1533 843 emendandum,
1578 792 1657 830 aut
1693 788 2015 831 illustrandum

323 862 543 918 pertinere
576 860 909 914 existimabam,
941 861 990 901 in
1019 875 1162 902 vnum
1193 874 1244 901 ea
1274 860 1424 901 locum
1456 859 1721 914 conferrent,
1754 874 1843 915 quo
1869 859 2016 915 magis

323 932 371 973 in
403 937 617 988 promptu
649 946 700 972 ac
732 931 813 972 sub
845 946 986 974 vnum
1023 946 1136 987 pene
1174 935 1403 988 aspectum
1438 934 1537 973 tota
1573 945 1641 972 res
1679 930 1922 973 haberetur
1958 931 2015 972 ab

323 1003 391 1058 ijs,
427 1018 451 1044 a
484 1002 645 1057 quibus
677 1001 786 1043 haec
818 1001 969 1043 omnia
999 1002 1358 1057 recognoscenda
1389 1006 1515 1056 sunt;
1547 1005 1789 1059 postquam
1820 1016 1927 1044 vero
1953 1016 2018 1043 re-

324 1073 509 1129 cognita
534 1072 716 1126 fuerint,
741 1072 1052 1115 dissecandum
1073 1077 1139 1114 est
1160 1072 1245 1115 hoc
1265 1077 1483 1129 tanquam
1505 1087 1665 1129 corpus
1686 1072 1948 1116 vniuersum
1968 1072 2018 1114 in

325 1160 405 1186 sua
437 1143 657 1200 quaedam
696 1143 909 1197 membra,
949 1143 1034 1185 hoc
1071 1148 1149 1198 est,
1189 1144 1240 1185 in
1279 1142 1550 1200 multiplices
1586 1143 1786 1199 regulas;
1828 1157 2018 1198 quarum

325 1216 439 1257 aliae
469 1214 782 1268 Auditoribus,
816 1214 930 1256 aliae
961 1214 1307 1268 Professoribus,
1340 1214 1455 1256 aliae
1487 1213 1740 1256 studiorum
1758 1212 2017 1268 Praefectis,

324 1287 438 1328 aliae
470 1285 751 1339 RectoribuS,
784 1285 898 1327 aliae
930 1285 1204 1342 Praepositis
1225 1285 1601 1341 Prouincialibus,
1635 1285 1751 1327 aliae
1779 1284 1879 1341 alijs
1915 1284 2023 1327 assi-

323 1357 530 1413 gnandae
575 1361 692 1398 sunt.
756 1357 966 1414 Exempli
1006 1357 1174 1413 gratia:
1227 1357 1300 1399 Ad
1332 1357 1660 1414 disputationes
1689 1354 2020 1413 promouendas

323 1434 549 1486 praestare
593 1427 813 1483 quaedam
857 1428 1022 1470 debent
1065 1428 1143 1484 qui
1186 1428 1364 1482 docent,
1404 1428 1626 1484 quaedam
1664 1428 1743 1484 qui
1781 1427 2018 1481 docentur3

323 1499 545 1542 nonnulla
577 1499 833 1541 scholarum
861 1499 1174 1553 moderatores,
1210 1499 1300 1541 alia
1322 1499 1400 1555 qui
1419 1503 1634 1555 praesunt
1655 1498 1890 1554 Gollegiis;
1925 1512 2020 1540 cae-

323 1577 420 1613 tera
463 1570 642 1613 caeteri.
704 1571 829 1612 Haec
871 1575 1026 1612 tamen
1069 1570 1280 1613 vniuersa
1322 1585 1412 1612 vno
1453 1570 1734 1612 disseruntur
1773 1574 1934 1624 tractu,
1975 1573 2020 1611 et

325 1648 543 1698 tanquam
575 1657 664 1685 Vno
695 1641 861 1698 spiritu
892 1641 1194 1698 proferuntur,
1227 1645 1279 1685 vt
1310 1641 1455 1683 omnis
1494 1656 1647 1684 cursus
1685 1656 1737 1684 ac
1775 1640 1891 1683 ratio
1931 1639 2020 1683 dis-

325 1714 616 1771 putationum
649 1713 706 1755 ob
739 1713 890 1755 oculos
921 1713 1102 1755 lectoris
1140 1728 1274 1769 quam
1311 1713 1526 1755 facillime
1563 1716 1823 1770 poneretur:
1862 1715 2020 1768 postea

326 1799 430 1828 Vero
463 1800 542 1826 sua
575 1784 766 1839 singulis
796 1784 904 1826 hinc
942 1784 1219 1842 excerpenda
1258 1799 1309 1826 ac
1345 1783 1585 1841 partienda
1623 1787 1729 1826 sunt
1767 1782 1936 1835 munia,
1976 1785 2021 1824 et

326 1861 545 1911 tanquam
575 1856 782 1912 propriae
814 1855 1033 1911 quaedam
1064 1856 1186 1911 leges
1219 1859 1297 1898 aut
1330 1854 1702 1897 commonitiones
1729 1854 1797 1911 ijs,
1831 1853 1889 1896 ad
1908 1867 2021 1909 quos

325 1929 567 1985 pertinent,
616 1927 897 1971 diuidendae.
976 1926 1167 1983 Aliquas
1217 1926 1361 1969 adhuc
1406 1926 1543 1982 ijdem
1588 1927 1746 1968 Patres
1791 1924 2021 1967 interdum

324 2000 629 2056 interposuere
660 1998 976 2055 praefationeS,
1011 2002 1089 2040 aut
1118 1997 1255 2040 etiam
1288 1997 1631 2054 disputationes,
1664 1997 1826 2053 quibus
1857 1995 1930 2039 vel
1957 1995 2022 2037 fa-

326 2071 556 2124 cultatem,
599 2070 651 2111 de
694 2084 782 2125 qua
824 2073 981 2125 agunt,
1026 2069 1255 2112 declarant
1293 2069 1437 2111 multo
1479 2069 1635 2126 pluris,
1683 2082 1819 2124 quam
1865 2067 2021 2121 soleat,

326 2141 665 2195 aestimandam,
698 2140 770 2182 Vel
791 2155 904 2196 quae
927 2141 1143 2194 sentiunt,
1167 2141 1455 2195 confirmant;
1490 2139 1775 2183 aduersantia
1796 2137 2020 2181 refellunt.

327 2214 350 2255 I
354 2214 382 2255 d
414 2213 535 2254 enim
566 2212 686 2254 facto
719 2227 830 2269 opus
861 2212 962 2267 fuit,
1003 2216 1067 2265 Vt,
1102 2213 1180 2269 qui
1210 2212 1319 2255 haec
1347 2213 1352 2268 ἱ
1380 2211 1673 2255 diiudicaturi
1704 2214 1822 2265 sunt,
1860 2223 2024 2265 cogno-

329 2289 513 2338 scerent,
546 2284 710 2339 quibus
742 2300 792 2326 ea
823 2285 1030 2326 nitantur
1047 2284 1302 2326 rationibus
1312 2299 1320 2338 3
1354 2283 1535 2326 tametsi
1563 2281 1892 2325 diiudicatione
1925 2295 2022 2338 per-

329 2361 441 2409 acta,
483 2355 668 2397 caeteris
705 2355 883 2398 refectis
927 2355 1063 2412 ipsae,
1104 2359 1285 2398 tantum
1327 2354 1577 2398 decisiones
1608 2352 1870 2396 retinendae
1901 2351 2026 2394 euul-

329 2426 591 2482 gandaeque
622 2427 725 2468 sint.

471 2498 532 2539 Et
575 2498 789 2553 quoniam
835 2498 889 2540 de
931 2498 1094 2555 studijs
1136 2498 1248 2541 bene
1293 2495 1583 2540 instituendis
1629 2495 1797 2552 agitur,
1844 2506 2023 2550 quoquo

331 2568 463 2610 modo
495 2568 569 2609 hic
590 2569 860 2626 Praepositis
891 2570 1055 2611 nostris
1086 2569 1386 2625 significanda
1417 2568 1605 2610 fuerunt
1636 2566 1772 2609 etiam
1803 2564 2023 2621 quaedam

333 2640 435 2694 alia,
469 2654 582 2694 quae
615 2655 830 2695 magnam
863 2656 965 2683 cum
997 2641 1160 2696 studijs
1190 2640 1359 2683 habent
1391 2638 1731 2681 connexionem.

473 2712 611 2753 Porro
644 2712 750 2753 licet
780 2712 1000 2767 generalis
1021 2712 1077 2754 sit
1099 2711 1183 2753 iste
1203 2711 1455 2753 studiorum
1482 2709 1609 2751 ordo:
1644 2707 1843 2765 oportuit
1870 2711 2025 2749 tamen

332 2782 559 2824 interdum
577 2782 860 2837 quorundam
874 2783 1179 2838 Collegiorum
1193 2797 1270 2824 seu
1280 2780 1625 2824 Prouinciarum
1643 2780 1741 2821 fieri
1764 2777 2024 2821 distinctam

334 2853 623 2907 mentionem,
639 2868 689 2895 eo
709 2854 830 2909 quod
850 2868 900 2895 ea
918 2854 1017 2895 loca
1034 2854 1090 2895 ab
1108 2853 1176 2909 ijs,
1197 2867 1309 2908 quae
1331 2855 1596 2894 statuuntur
1619 2849 1878 2903 vniuersim,
1901 2848 2026 2893 vide-

333 2929 489 2966 rentur
538 2924 783 2980 aliquando
833 2924 1110 2981 excipienda,
1162 2938 1241 2966 seu
1290 2922 1560 2966 nominatim
1610 2918 2026 2979 comprehendenda

335 2995 636 3053 peculiaribus
678 2995 732 3036 de
772 2995 930 3050 causis,
971 3009 1081 3050 quas
1121 3009 1280 3052 operae
1318 2994 1516 3051 pretium
1546 2993 1638 3036 fuit
1667 2997 1712 3035 et
1741 2991 1798 3035 R.
1820 2991 1871 3033 P.
1892 2991 2026 3033 Prae-

335 3067 485 3124 posito
520 3066 731 3109 Generali
763 3080 981 3123 exponere
1014 3065 1371 3122 considerandas,
1404 3068 1448 3108 et
1479 3079 1580 3108 cum
1612 3064 1804 3108 aliarum
1835 3061 2026 3106 Prouin-
