2148 3402
663 188 706 224 R.
733 193 778 224 st.
795 189 896 223 1586.
934 187 1226 222 Controversiae.
1710 177 1792 219 115

93 310 375 363 Nostrorum,
423 308 502 364 qui
546 312 882 365 promouentur,
927 310 1074 347 essent
1120 304 1407 359 moderanda,
1455 310 1500 346 et
1546 306 1655 347 satis
1702 321 1792 348 csse

91 384 273 436 possent
302 379 380 421 fila
411 379 492 422 illa
523 379 675 433 serica,
716 393 828 434 quae
866 380 1100 433 ponuntur
1132 376 1179 417 in
1212 375 1360 417 medio
1391 375 1511 432 pilei,
1545 376 1598 417 (lc
1630 377 1793 432 quibus

93 450 398 506 Congregatio
430 450 574 507 prima
607 450 714 491 Can.
750 451 832 501 19„
865 447 934 489 ve]
969 447 1208 503 epomides,
1258 461 1371 502 quae
1405 446 1644 488 Germanis
1688 453 1793 489 sunt

92 536 139 562 in
170 536 268 563 vsu.

408 814 487 877 De
533 813 976 883 Controuersiis
1022 812 1466 893 PraelegendiS.

233 947 311 1001 [1.]
343 944 613 987 Retineatur
644 944 753 986 haec
785 945 922 986 lectio
945 945 1117 986 Romae
1149 959 1229 1001 pro
1258 944 1641 988 Vltramontanis:
1681 958 1790 1000 quo-

89 1032 190 1059 rum
214 1017 302 1059 duo
325 1016 438 1058 fiant
461 1015 659 1057 ordines:
692 1030 809 1058 vnus
831 1015 1146 1072 positiuorum,
1181 1016 1259 1072 qui
1280 1015 1578 1072 quadriennio
1601 1015 1791 1057 audiant

89 1087 430 1141 controuersias,
469 1101 596 1128 casus
636 1087 939 1129 conscientiae
971 1092 1016 1129 et
1049 1086 1351 1144 Scripturam:
1404 1087 1517 1128 alter
1549 1087 1792 1130 Scholasti-

89 1173 256 1214 corum,
289 1158 368 1214 qui
388 1158 577 1200 audiant
600 1158 711 1200 duas
735 1157 1040 1200 Scholasticas
1071 1158 1305 1212 lectiones3
1338 1158 1522 1200 tertiam
1544 1159 1791 1215 scripturae

88 1231 233 1287 primo
254 1229 452 1284 biennio,
487 1229 905 1272 Controuersiarum
936 1229 985 1271 in
1017 1229 1226 1283 secundo,
1258 1229 1376 1271 nihil
1405 1229 1459 1271 de
1480 1229 1670 1282 casibus,
1702 1229 1792 1271 nisi

90 1316 203 1357 quae
234 1301 425 1343 audiunt
455 1301 504 1343 in
526 1300 828 1343 Scholastica:
861 1315 963 1342 cum
996 1301 1116 1342 enim
1137 1301 1294 1343 audire
1317 1301 1470 1343 omnia
1491 1315 1584 1343 non
1602 1301 1789 1358 possint,

90 1372 278 1415 audiant
321 1388 434 1429 quae
471 1388 550 1430 per
590 1387 635 1414 se
679 1371 893 1427 consequi
923 1371 1056 1414 facile
1086 1387 1179 1414 non
1210 1373 1378 1417 valent.
1440 1372 1513 1414 Ad
1545 1372 1791 1414 secundum

90 1443 291 1486 ordinem
322 1458 414 1486 non
446 1443 686 1500 eligantur,
725 1443 814 1485 nisi
846 1443 925 1498 qui
955 1447 1186 1499 praestant
1216 1443 1400 1499 ingenio
1432 1444 1671 1500 plusquam
1702 1458 1791 1484 me-

90 1515 232 1558 diocri
264 1519 309 1557 et
338 1518 503 1557 natura
534 1515 667 1557 valde
699 1514 849 1568 docili,
882 1529 965 1556 nec
998 1514 1183 1556 elatiore
1217 1514 1381 1568 animo,
1419 1514 1497 1570 qui
1529 1513 1791 1571 superbiant

89 1585 392 1643 postmodum,
440 1591 485 1628 et
521 1585 688 1628 nostris
729 1584 1025 1627 aduersentur
1062 1585 1182 1641 apud
1215 1585 1477 1643 EpiscopOS,
1525 1589 1576 1627 ut
1607 1600 1704 1627 sese
1742 1585 1790 1626 in

90 1672 244 1700 eorum
277 1656 472 1713 gratiam
504 1657 750 1699 insinuent.

256 1732 294 1773 2.
328 1728 520 1784 Vtrique
560 1731 851 1770 exerceantur
889 1733 1071 1770 strenue
1110 1728 1159 1769 in
1198 1727 1508 1770 concionando
1540 1742 1651 1785 pene
1682 1741 1790 1783 quo-

91 1798 215 1854 tidie,
247 1799 342 1841 siue
372 1799 526 1854 latine,
560 1799 655 1841 siue
686 1799 951 1841 Germanice
984 1799 1033 1840 in
1055 1798 1325 1853 Refectorio,
1358 1804 1591 1856 praesente
1619 1813 1790 1855 semper

89 1869 241 1926 aliquo
276 1871 502 1913 Germano
535 1870 589 1913 de
608 1870 800 1924 Nostris,
834 1885 859 1912 a
891 1884 978 1926 quo
1012 1869 1321 1925 obseruentur,
1354 1870 1661 1925 emendentur,
1694 1869 1790 1912 ani-

89 1945 283 1996 mentur,
315 1942 571 1996 laudentur,
603 1941 689 1983 hoc
719 1941 839 1983 enim
871 1941 1161 1998 praecipuum
1193 1956 1357 1983 munus
1388 1942 1689 1984 exercendum
1721 1946 1788 1983 est

90 2012 208 2054 inter
223 2012 485 2055 haereticos.
534 2012 705 2055 Eadem
727 2012 776 2054 in
797 2013 976 2069 Anglos
998 2012 1137 2054 etiam
1157 2012 1450 2068 conueniunt,
1472 2017 1517 2055 et
1539 2013 1788 2069 sequentia.

231 2086 272 2129 3.
305 2083 436 2134 Quod
467 2088 519 2126 vt
549 2088 776 2142 praestare
808 2083 994 2140 possint,
1035 2088 1080 2125 et
1120 2098 1282 2126 vacare
1321 2083 1482 2140 studijs
1521 2084 1787 2141 expeditiUS,

90 2155 390 2197 moderandus
420 2155 601 2198 videtur
640 2171 793 2199 eorum
830 2161 928 2199 tam
965 2156 1206 2198 diuturnus
1246 2170 1297 2197 ac
1335 2155 1577 2212 multiplex
1614 2160 1787 2210 cantus,

92 2225 172 2281 qui
201 2240 284 2267 nec
316 2241 440 2269 arma
478 2226 692 2269 aduersus
730 2227 977 2270 haereticos
1019 2227 1289 2284 suppeditat,
1336 2242 1420 2269 nec
1466 2241 1632 2282 magno
1672 2226 1787 2281 vsui,

91 2311 191 2339 cum
213 2297 262 2338 in
284 2297 576 2340 Germaniam
596 2298 824 2354 redierint,
858 2299 1039 2342 futurus
1061 2303 1140 2354 est,
1173 2299 1262 2340 nisi
1294 2298 1351 2340 ad
1372 2303 1621 2354 quaestum,
1651 2299 1655 2350 Ι
1685 2313 1787 2339 cum
1838 2335 1843 2341 .
1884 2318 1898 2340 5

90 2368 351 2424 praesertim
382 2384 433 2411 ea
463 2384 532 2411 res
563 2369 628 2410 ita
651 2370 904 2413 studiorum
937 2376 1116 2428 tempus
1139 2375 1185 2412 et
1204 2369 1401 2427 corporis
1423 2370 1542 2412 vires
1562 2369 1787 2422 absumat,

91 2443 145 2480 vt
175 2438 232 2480 ad
263 2438 398 2481 huius
430 2439 619 2496 Collegij
653 2455 838 2498 scopum
880 2456 972 2484 non
1008 2441 1143 2484 multi
1174 2440 1452 2498 pertingant.
1516 2440 1664 2490 Quare
1694 2455 1787 2482 non

91 2508 316 2552 immerit)
365 2510 581 2553 adversus
628 2526 728 2553 eam
775 2511 1146 2554 consuetudinem
1193 2526 1322 2568 saepe
1369 2511 1615 2553 clamatum
1662 2515 1730 2553 est
1761 2526 1787 2553 a

91 2580 372 2636 gravissimis
411 2582 638 2634 Patribus,
684 2582 740 2624 ab
777 2582 888 2639 ipsis
935 2583 1072 2625 etiam
1113 2582 1363 2637 Germanis,
1413 2582 1490 2638 qui
1532 2582 1786 2638 frequenter

92 2651 263 2708 experti
295 2657 416 2706 sunt,
452 2652 680 2694 modicum
713 2668 765 2695 ac
796 2669 907 2710 pene
938 2654 1116 2695 nullum
1147 2668 1201 2694 ex
1234 2668 1284 2695 ea
1314 2669 1362 2695 re
1385 2653 1585 2696 fructum
1606 2654 1655 2695 in
1678 2655 1786 2696 Ger-

91 2723 289 2764 maniam
309 2722 571 2765 redundare.
622 2723 741 2766 Satis
762 2724 916 2780 itaque
948 2724 1087 2766 fuerit
1116 2724 1165 2765 in
1195 2723 1322 2766 festis
1354 2725 1579 2767 ordinarie
1601 2724 1786 2767 Missam

91 2794 164 2835 vel
192 2794 329 2835 etiam
351 2794 568 2850 Vesperas
598 2794 794 2850 simplici
824 2795 1040 2851 breuique
1071 2799 1207 2837 cantu
1237 2796 1502 2851 persoluere,
1535 2811 1618 2837 nec
1650 2810 1785 2852 appa-

92 2869 215 2907 ratus
235 2865 310 2907 ille
332 2880 384 2907 ac
412 2865 621 2921 splendor
650 2881 763 2922 pene
784 2866 1069 2921 Pontificius,
1101 2866 1189 2907 nisi
1220 2865 1268 2908 in
1299 2867 1580 2923 paucissimis
1614 2881 1664 2909 ac
1696 2865 1785 2922 pri-

93 2935 245 2991 marijs
277 2936 651 2991 solemnitatibus,
685 2937 966 2980 adhibendus
1001 2942 1131 2980 esset:
1184 2952 1265 2979 nec
1306 2937 1586 2993 adijciendae
1634 2951 1783 2993 preces

93 3006 343 3049 Matutinae
382 3007 455 3049 vel
492 3007 724 3062 Horariae,
771 3008 859 3049 nisi
902 3008 984 3050 sub
1015 3009 1228 3050 Natalem
1259 3008 1446 3050 Domini
1477 3013 1522 3049 et
1553 3022 1631 3063 per
1660 3007 1781 3048 Heb-

93 3076 331 3120 domadam
364 3078 579 3120 Sanctam
611 3078 893 3135 proprijsque
924 3093 1106 3121 suorum
1139 3079 1409 3135 templorum
1440 3077 1579 3120 festis.
