2153 3467
43 324 157 350 Divisio
173 324 323 355 temporis.

339 184 428 229 436

469 313 514 361 2.
542 315 720 358 Divisio
729 315 944 373 temporis
953 316 1064 359 haec
1072 316 1170 359 erit.

323 385 478 428 Prima
508 385 619 428 hora
655 387 881 429 matutina
911 388 1170 430 memoriter

321 456 534 499 recitetur
563 458 624 499 M.
656 457 833 500 Tullius
872 463 917 500 et
947 473 1171 514 gramma-

320 527 412 570 tica
450 527 571 585 apud
609 528 890 583 decuriones3
937 530 1103 586 scripta
1143 545 1169 571 a

322 598 640 642 decurionibus
679 600 866 642 collecta
898 602 1169 656 Praeceptor

319 670 531 726 corrigat,
576 671 726 714 varias
757 672 952 726 interim,
986 672 1040 713 de
1072 672 1167 727 qui-

318 740 402 783 bus
423 741 543 784 infra
562 742 722 798 regula
739 747 911 799 quarta,
935 742 1164 799 discipulis

319 813 661 856 exercitationes
702 814 957 870 injungens,
1002 840 1053 844 —
1090 813 1165 856 Se-

318 884 467 926 cunda
509 884 622 927 hora
664 885 892 927 matutina
934 889 1165 942 repetatur

316 954 514 1000 breviter
527 956 753 999 Ciceronis
761 956 1015 1013 praelectio,
1026 971 1164 999 nova-

315 1043 401 1084 que
420 1043 498 1084 per
528 1028 797 1070 semihoram
819 1027 1066 1084 explicetur
1097 1033 1163 1070 at-

315 1114 401 1155 que
453 1099 683 1155 exigatur,
736 1103 961 1155 postremo
1008 1098 1162 1141 thema

314 1171 520 1213 dictetur.
548 1196 601 1201 ——
624 1170 803 1214 Ultima
824 1169 1047 1212 semihora
1069 1185 1161 1212 ma-

312 1243 465 1284 tutina
487 1241 660 1298 aliquid
691 1256 745 1284 ex
770 1242 915 1298 primo
938 1256 1161 1298 gramma-

313 1314 428 1356 ticae
468 1313 597 1368 libro,
650 1319 702 1355 ut
752 1313 807 1355 de
857 1312 1160 1355 declinatione

311 1385 562 1440 nominum,
602 1399 653 1427 ac
693 1384 904 1441 deinceps
936 1383 990 1425 de
1031 1398 1158 1440 prae-

311 1456 459 1499 teritis
497 1471 548 1498 ac
585 1454 774 1513 supinis,
819 1454 940 1511 quod
979 1469 1156 1497 concer-

310 1528 448 1571 tando
501 1527 662 1570 etiam²
713 1530 987 1581 exerceatur,
1037 1540 1157 1569 reco-

308 1599 509 1644 lendum.

450 1671 603 1713 Prima
616 1670 728 1713 hora
743 1668 1053 1726 pomeridiana
1066 1683 1155 1711 me-

307 1742 491 1786 moriter
521 1741 832 1799 grammatica,
873 1745 974 1783 tum
1012 1740 1156 1782 latina

308 1819 405 1857 tum
428 1830 601 1871 graeca,
634 1818 679 1856 et
708 1812 799 1855 suis
821 1812 977 1854 diebus
1000 1813 1156 1868 po'eta2

306 1887 536 1941 recitetur,
567 1888 915 1941 recognoscente
937 1883 1154 1939 magistro

307 1958 600 2000 decurionum
622 1961 766 2010 notas,
791 1955 1058 2012 scriptaque,
1081 1954 1154 1997 vel

308 2045 420 2087 quae
440 2044 571 2071 mane
590 2028 811 2085 imperata
829 2031 934 2069 sunt
948 2026 1021 2068 vel
1039 2040 1154 2081 quae

306 2117 359 2147 ex
383 2102 515 2144 domo
534 2100 683 2142 allatis
703 2097 1023 2155 superfuerint,
1060 2112 1153 2139 cor-

303 2174 500 2230 rigente;
535 2172 592 2215 ad
623 2174 873 2213 extremum
893 2169 1154 2225 grammati-

305 2260 382 2287 cae
414 2249 458 2288 et
486 2243 672 2287 alternis
702 2241 860 2284 diebus
888 2244 1045 2298 poetae
1075 2253 1152 2297 po-

303 2320 468 2358 strema
512 2314 756 2373 praelectio
806 2312 1043 2355 recolatur.
1095 2336 1149 2343 --

303 2387 508 2431 Secunda
558 2387 668 2429 hora
713 2384 1025 2442 pomeridiana
1073 2398 1150 2439 per

303 2460 572 2501 semihoram
597 2457 807 2515 syntaxis
835 2455 1082 2512 explicetur
1104 2458 1148 2495 et

301 2535 548 2587 repetatur,
600 2528 844 2587 posteriore
887 2531 1039 2568 tamen
1086 2540 1148 2566 se-

301 2602 456 2643 mestri
497 2600 704 2657 syntaxis
744 2599 853 2641 item
885 2602 929 2639 et
963 2596 1148 2639 alternis

300 2673 457 2715 diebus
517 2677 649 2728 poeta
710 2670 972 2727 explicetur.
1063 2668 1149 2709 Per

301 2746 490 2787 alteram
507 2743 775 2785 semihoram
790 2756 952 2797 graeca
967 2738 1148 2781 tradan-

299 2822 386 2858 tur.
424 2843 471 2848 ——
509 2814 683 2858 Ultima
715 2812 938 2855 semihora
971 2823 1149 2853 concer-

299 2887 466 2931 tationi
481 2901 560 2929 seu
575 2883 889 2927 exercitationi
904 2882 1149 2924 tribuatur.

444 3056 454 3074 ¹
485 3054 532 3088 M.
559 3064 625 3087 om.
654 3052 831 3094 „etiam“;

442 3115 456 3134 ¹
481 3113 527 3148 M.
554 3113 730 3156 poetica.“

520 196 630 232 Ratio
657 195 863 232 studiorum
889 201 927 233 et
951 196 1206 233 institutiones
1230 197 1471 235 scholasticae
1498 198 1695 237 Societatis
1721 201 1811 238 Jesu
1836 202 1876 238 II

1350 316 1393 364 2.
1428 317 1604 360 Divisio
1613 320 1827 376 temporis
1837 320 1947 362 haee
1957 321 2059 364 erit.

1209 388 1342 430 Mane
1364 388 1512 431 tribus
1539 389 1698 445 primis
1729 390 2059 446 quadrantibus

1208 459 1466 501 memoriter
1482 459 1694 502 recitetur
1712 466 1868 504 auctor
1885 462 2058 506 latinus

1208 533 1252 571 et
1295 531 1595 585 grammatica
1634 536 1734 574 tum
1777 532 1920 574 latina
1959 536 2057 576 tum

1208 614 1367 656 graeca
1388 601 1508 658 apud
1531 602 1810 657 decuriones3
1835 604 2000 660 scripta
2031 619 2057 646 a

1207 671 1524 714 decurionibus
1543 673 1730 716 collecta
1747 679 1791 716 et
1803 689 1956 716 eorum
1974 689 2055 716 no-

1205 746 1274 784 tas
1305 744 1579 800 Praeceptor
1609 749 1917 801 recognoscat,
1949 759 2054 787 mox

1204 829 1258 855 ex
1269 815 1864 872 grammaticaepraeceptis,
1875 830 1988 872 quae
1999 816 2055 858 ad

1203 884 1318 927 hanc
1357 886 1556 928 scholam
1595 887 1839 943 pertinent,
1880 886 2054 943 aliquid

1202 957 1462 1014 explicetur.
1513 983 1565 989 —
1615 958 1850 1000 Semihora
1903 972 2054 1000 conse-

1202 1042 1342 1083 quens
1365 1029 1645 1085 corrigendis
1666 1029 1846 1086 publice
1878 1029 2053 1086 scripti-

1201 1099 1362 1142 onibus
1377 1100 1683 1156 impendatur.
1700 1127 1754 1131 —
1769 1100 1933 1142 Tribus
1948 1100 2052 1142 dein

1202 1170 1530 1226 quadrantibus
1561 1176 1796 1228 repetatur
1826 1175 2052 1228 postrema

1198 1241 1394 1284 auctoris
1431 1243 1688 1299 praelectio,
1729 1257 1938 1298 novaque
1971 1257 2043 1284 ex-

1197 1312 1391 1369 plicetur
1408 1318 1543 1369 atque
1560 1313 1782 1370 exigatur.
1803 1339 1856 1345 -
1873 1313 2049 1357 Ultima

1198 1383 1420 1425 semihora
1465 1383 1649 1439 linguae
1690 1384 1960 1426 vernaculae
2002 1387 2046 1425 et

1198 1454 1450 1497 accessoriis
1481 1454 1721 1498 tribuatur.

1336 1668 1490 1711 Prima
1502 1668 1613 1711 hora
1628 1668 1936 1726 pomeridiana
1950 1683 2043 1710 me-

1194 1740 1381 1782 moriter
1439 1739 1738 1796 grammatica
1795 1743 1839 1781 et
1888 1744 2043 1782 auctor

1193 1812 1376 1866 latinus,
1402 1816 1451 1853 ut
1467 1811 1714 1868 plurimum
1728 1815 1874 1868 poeta,
1888 1811 2044 1853 recite-

1193 1887 1282 1938 tur,
1305 1886 1652 1938 recognoscente
1670 1882 1891 1938 Magistro
1913 1882 2043 1924 decu-

1191 1955 1370 1997 rionum
1392 1958 1537 2008 notas,
1559 1953 1814 2011 scriptaque
1835 1953 1909 1996 vel
1927 1968 2041 2009 quae

1192 2041 1323 2068 mane
1372 2025 1593 2082 imperata
1648 2029 1756 2066 sunt
1807 2024 1878 2067 vel
1928 2039 2042 2080 quae

1192 2096 1495 2153 superfuerint
1543 2095 1816 2151 corrigente;
1865 2096 1921 2137 ad
1965 2110 2039 2137 ex-

1190 2172 1384 2210 tremum
1406 2166 1705 2223 grammatica
1726 2166 1975 2223 explicetur
1996 2170 2041 2208 et

1191 2239 1456 2295 corrigatur.
1482 2267 1529 2271 —
1551 2237 1759 2280 Secunda
1780 2237 1891 2279 hora
1906 2241 2039 2294 poeta

1189 2311 1358 2352 latinus
1399 2314 1443 2351 et
1474 2309 1660 2351 alternis
1692 2308 1849 2350 diebus
1882 2311 2038 2350 auctor

1187 2397 1374 2438 graecus
1405 2381 1672 2437 explanetur
1704 2395 1756 2421 ac
1788 2379 2035 2433 recolatur3

1189 2453 1294 2495 dein
1333 2452 1485 2493 thema
1528 2451 1737 2492 dictetur.
1774 2476 1825 2481 —
1859 2450 2036 2492 Ultima

1187 2523 1408 2565 semihora
1421 2521 1744 2564 concertationi
1763 2520 1836 2563 Vel
1852 2520 2036 2576 linguae

1168 2595 1169 2599 ’
1185 2594 1454 2638 vernaculae
1469 2597 1512 2634 et
1525 2592 1780 2635 accessoriis
1793 2591 2033 2633 tribuatur.

859 3049 1020 3091 reliquae
1047 3056 1171 3080 omnes
1199 3045 1277 3082 edd.
1304 3045 1453 3081 habent.
