2153 3467
148 474 293 498 Puuiondi

182 509 266 533 ratio.

118 1184 290 1210 Assiduiias.

89 1970 212 1993 Silentm
221 1978 243 1993 m

107 2006 259 2030 modestia.

118 2254 262 2286 Egressus
282 2263 295 2280 e

154 2291 264 2315 schola.

126 2610 309 2634 Acade-miae.

266 1978 290 1995 ΡΥ

168 2915 175 2919 1
195 2904 207 2919 e
229 2904 292 2919 rum

139 2934 303 2955 urrunnun.

329 204 416 246 396
534 214 643 248 Ratio
670 214 871 249 studiorum
897 219 935 249 et
960 214 1214 250 institutiones
1241 212 1493 248 scholasticae
1519 210 1720 246 Societatis
1745 210 1834 247 Jesu
1860 212 1897 246 II

332 347 446 387 quae
479 332 533 374 de
556 332 720 374 studiis
741 332 865 376 dicta
885 337 1004 388 sunt,
1025 337 1327 389 exequantur:
1363 330 1483 388 quod
1504 345 1582 387 spe
1601 329 1785 372 honoris
1805 345 1855 372 ac
1874 330 2063 387 praemii

331 409 544 460 metuque
576 405 806 448 dedecoris
839 406 985 461 magis
1018 420 1152 461 quam
1183 402 1449 446 verberibus
1480 405 1788 457 consequetur.

473 475 555 522 40.
616 477 712 518 Nec
742 476 791 519 in
812 476 1041 534 puniendo
1075 477 1133 518 sit
1154 489 1379 533 praecepS‚
1412 488 1495 515 nec
1515 474 1564 516 in
1584 474 1855 531 inquirendo
1875 477 2061 533 nimius,

329 547 581 589 dissimulet
611 547 776 605 potiUS,
810 563 911 590 cum
934 551 1082 605 potest
1114 547 1209 589 sine
1231 545 1497 601 cujusquam
1524 545 1708 601 damn03
1741 562 1886 604 neque
1918 550 2064 592 solum

329 619 506 661 nullum
536 620 630 676 ipse
662 621 837 677 plectat
878 619 942 674 (id
982 619 1101 661 enim
1144 633 1223 676 per
1254 618 1564 660 Oorrectorem
1603 619 1956 676 praestandum),
1989 621 2066 664 sed

329 691 514 732 omnino
548 706 573 733 a
604 692 878 734 contumelia
909 692 1033 735 dicto
1071 691 1252 734 factove
1290 688 1526 731 inferenda
1564 689 1814 744 abstineat;
1853 706 1936 734 nec
1976 692 2064 735 alio

329 761 600 819 quempiam,
636 778 771 818 quam
793 778 873 805 suo
896 763 1079 805 nomine
1098 762 1173 804 vel
1195 759 1464 817 cognomine
1488 761 1704 816 appellet3
1738 776 1908 817 poenae
1928 762 2066 805 etiam

328 832 426 874 loco
460 833 632 889 aliquid
664 834 915 876 literarium
949 833 1113 876 addere
1145 832 1265 875 ultra
1296 831 1613 888 quotidianum
1645 847 1833 889 pensum
1863 834 1976 877 utile
1995 835 2064 877 in-

328 904 506 946 terdum
538 905 634 948 erit.
688 905 936 948 Inusitatas
969 909 1120 947 autem
1140 909 1184 946 et
1205 903 1394 960 majores
1421 918 1600 959 poenaS,
1634 903 1691 946 ob
1714 919 1766 946 ea
1786 905 2064 961 praesertim,

329 990 443 1030 quae
476 980 603 1018 extra
636 977 835 1018 scholam
867 976 1154 1033 deliquerint,
1187 976 1305 1019 sicut
1337 990 1422 1028 eOS,
1457 974 1535 1030 qui
1567 975 1725 1032 plagas
1764 977 1931 1029 (1832.·
1965 991 2061 1018 cor-

331 1048 576 1102 rectionem)
614 1052 836 1102 recusant,
878 1047 1140 1105 praesertim
1168 1047 1206 1089 si
1233 1046 1497 1102 grandiores
1524 1047 1654 1100 sint,1
1692 1047 1749 1090 ad
1778 1047 2064 1091 Praefectum

328 1116 519 1173 rejiciat.
581 1120 752 1171 (Const.
786 1135 828 1176 p.
862 1123 901 1163 4.
937 1135 972 1161 c.
1008 1123 1047 1163 7.
1079 1134 1123 1161 n.
1158 1121 1198 1163 2.
1232 1119 1306 1171 D.)

472 1188 546 1235 41.
609 1190 940 1232 Assiduitatem
970 1191 1168 1233 maxime
1199 1205 1225 1232 a
1257 1188 1491 1245 discipulis
1521 1191 1735 1245 requirat,
1768 1206 1850 1232 nec
1880 1190 2067 1247 proinde

330 1259 386 1300 ad
418 1260 600 1316 publica
633 1262 890 1318 spectacula
936 1262 1031 1305 sive
1068 1261 1199 1304 ludos
1238 1276 1310 1303 eos
1352 1260 1566 1303 dimittat.
1631 1261 1680 1303 Si
1718 1261 1818 1317 quis
1856 1262 2065 1317 abfuerit,

330 1331 525 1386 aliquem
558 1347 612 1374 ex
644 1332 967 1390 condiscipulis
998 1334 1072 1376 vel
1104 1330 1255 1375 alium*
1273 1332 1337 1374 ad-
1367 1331 1462 1387 ejus
1484 1332 1664 1374 domum
1698 1332 1876 1387 mittat,
1911 1337 1957 1376 et
1980 1333 2065 1375 nisi

328 1402 516 1444 idoneae
536 1404 786 1446 afferuntur
803 1405 1127 1458 excusationes,
1150 1403 1381 1445 absentiae
1397 1418 1586 1459 poenam
1603 1409 1765 1446 sumat.
1807 1405 1896 1454 Qui
1917 1405 2067 1460 plures

328 1473 422 1515 dies
463 1476 558 1516 sine
596 1490 731 1518 causa
772 1476 1022 1530 abfuerint,
1065 1475 1121 1518 ad
1160 1475 1445 1517 Praefectum
1483 1474 1681 1530 remitti,
1721 1490 1803 1517 nec
1842 1475 1937 1517 sine
1974 1475 2067 1531 ejus

328 1560 549 1587 consensu
580 1546 719 1604 recipi
752 1547 930 1589 debent.

468 1615 548 1663 42.
611 1619 678 1660 Ne
703 1618 1050 1660 Confessionum
1071 1632 1204 1660 causa
1228 1619 1470 1673 quicquam
1493 1616 1757 1659 remittatur
1777 1632 1830 1659 ex
1852 1616 1921 1670 iis,
1955 1632 2068 1673 quae

328 1687 584 1730 scholarum
605 1690 786 1746 propria
806 1694 926 1742 sunt,
960 1689 1077 1731 terni
1108 1689 1183 1730 vel
1216 1688 1380 1744 plures,
1414 1688 1494 1730 ubi
1538 1690 1598 1729 sit
1632 1703 1764 1744 opus,
1797 1687 1929 1730 initio
1962 1688 2065 1730 mit-

328 1763 485 1801 tantur
515 1760 572 1801 ad
606 1760 934 1813 confitendum3
969 1759 1144 1815 deinde,
1178 1765 1229 1801 ut
1261 1759 1429 1815 singuli
1460 1759 1663 1813 redeunt,
1695 1759 1761 1801 ita
1794 1774 1847 1800 ex
1881 1759 2068 1802 caeteris

331 1830 502 1885 singuli
542 1831 698 1874 binive
738 1831 1089 1886 submittantur,
1136 1831 1225 1873 nisi
1268 1831 1384 1873 forte
1410 1830 1588 1873 <alicubi
1632 1830 1689 1873 ad
1734 1830 2069 1873 Confessionem

333 1901 469 1944 simul
501 1918 655 1944 omnes
686 1903 751 1945 ire
784 1903 1118 1946 consueverint.

470 1972 549 2019 43.
615 1974 862 2017 Silentium
894 1979 937 2016 et
968 1974 1236 2016 modestiam
1270 1973 1537 2016 servandam
1578 1972 1802 2029 imprimis
1841 1977 1988 2027 curet,
2021 1978 2072 2015 ut

329 2059 459 2086 nemo
491 2060 571 2101 per
604 2046 803 2088 scholam
835 2051 1040 2102 vagetur,
1073 2060 1204 2087 nemo
1236 2045 1388 2087 locum
1420 2048 1586 2099 mutet,
1618 2059 1749 2086 nemo
1782 2044 1902 2086 ultro
1936 2044 2070 2086 citro—

328 2130 414 2170 que
445 2130 632 2158 munera
664 2116 907 2159 schedasve
938 2117 1105 2171 mittat,
1138 2121 1190 2158 ut
1223 2132 1248 2158 a
1281 2115 1434 2158 schola
1473 2131 1565 2158 non
1596 2115 1912 2170 egrediantur,
1944 2130 2070 2172 prae-

329 2188 482 2229 sertim
515 2188 605 2230 duo
638 2188 711 2230 vel
743 2189 895 2245 plures
927 2189 1074 2230 simul.

476 2258 553 2305 44.
619 2260 886 2302 Cavendum
919 2265 997 2314 est,
1031 2275 1086 2301 ne
1118 2259 1274 2312 facile,
1313 2257 1574 2315 praesertim
1613 2256 1930 2314 praelectionis
1961 2261 2070 2298 tem·

329 2344 448 2384 pore,
483 2346 509 2371 a
542 2331 753 2387 quopiam
789 2331 1000 2388 discipuli
1023 2336 1290 2384 evocentur,
1323 2334 1375 2372 ut
1406 2328 1612 2371 confusio
1646 2328 1782 2370 etiam
1822 2332 1867 2369 et
1898 2327 2069 2369 clamor

329 2399 376 2440 in
421 2416 602 2456 egressu
640 2402 881 2459 praecipue
923 2403 1110 2457 vitetur,
1154 2401 1374 2457 Magistro
1417 2399 1511 2442 sive
1552 2415 1573 2440 e
1617 2403 1834 2455 suggestu
1875 2398 1970 2440 sive
2012 2398 2069 2439 ad

323 2470 511 2523 januam
553 2478 807 2529 spectante,
847 2473 1042 2530 proximi
1083 2474 1250 2529 quique
1283 2470 1431 2514 valvis
1468 2469 1603 2527 primi
1642 2473 1824 2523 exeant3
1865 2469 1937 2511 vel
1978 2468 2069 2511 alia

328 2541 503 2584 rationo
537 2549 728 2598 curetur,
762 2549 813 2586 ut
845 2544 1045 2587 modeste
1077 2559 1230 2585 omnes
1262 2546 1306 2584 et
1338 2541 1520 2584 silentio
1552 2541 1855 2597 egrediantur.

470 2614 547 2660 45.
614 2615 883 2657 Academias
922 2615 1156 2669 instituat,
1196 2614 1233 2656 si
1269 2612 1455 2655 Rectori
1496 2611 1746 2666 videbitur,
1789 2626 1843 2653 ex
1882 2610 2066 2665 regulis,

330 2699 443 2737 quae
476 2691 710 2741 propterea
742 2687 926 2728 seorsim
951 2686 1233 2743 conscriptae
1255 2688 1380 2737 sunt,
1416 2684 1471 2725 ad
1504 2698 1615 2739 quas
1637 2681 1849 2739 discipuli
1871 2680 2067 2722 maxime

328 2754 459 2796 festis
491 2755 648 2797 diebus
687 2757 865 2799 vitandi
906 2757 989 2799 otii
1032 2762 1076 2799 et
1115 2756 1337 2798 malarum
1379 2753 1758 2797 consuetudinum
1799 2767 1932 2795 causa
1965 2766 2067 2793 con-

331 2826 532 2868 veniant.

473 2897 553 2943 46.
618 2897 666 2939 si
714 2914 890 2941 necesso
937 2899 1167 2941 videretur
1219 2897 1539 2953 discipulorum
1588 2910 1721 2938 causa
1767 2909 1868 2937 cum
1914 2908 2067 2935 eorum

329 2968 593 3025 parentibus
625 2967 852 3011 interdum
882 2970 1021 3026 loqui,
1055 2968 1241 3011 Rectori
1272 2972 1509 3025 proponat,
1541 2982 1598 3009 an
1631 2966 1664 3008 ii
1684 2981 1763 3023 per
1784 2965 2066 3008 Praefectum

478 3122 486 3142 ¹
515 3134 559 3156 ιη.
588 3133 654 3157 om.
684 3133 822 3167 „praes
850 3122 877 3156 si
905 3132 960 3166 gr.
988 3121 1093 3157 sint.“
