2084 3441
282 172 337 215 ’78
453 181 565 217 Ratio
592 182 796 218 studiorum
823 187 861 218 et
885 183 1138 220 institutiones
1165 183 1406 219 scholasticae
1433 182 1626 219 Societatis
1652 184 1740 220 Jesu
1764 185 1804 220 II

278 304 323 341 et
360 299 628 342 tantundem
665 300 819 343 Prima
857 302 1113 356 Secundae3
1158 317 1302 359 neque
1340 301 1490 344 minus
1528 302 1730 358 postulat
1769 305 1848 344 aut
1891 301 1967 343 Se-

278 370 426 412 cunda
457 370 688 413 Secundae
718 386 854 428 quam
886 372 1133 427 biennium,
1164 377 1244 415 aut
1264 373 1399 414 tertia
1419 373 1530 414 Pars
1551 387 1689 428 quam
1707 372 1966 414 triennium.

419 444 459 485 2.
491 441 691 498 Expedit
721 457 826 484 vero
855 457 947 485 non
969 444 1112 485 solum
1135 443 1184 485 in
1204 458 1365 499 genere
1387 444 1674 498 constituere,
1703 447 1756 486 vt
1776 442 1970 500 quilibet

277 511 506 554 Professor
550 527 652 554 suas
691 517 840 569 partes
883 513 1006 555 intra
1052 519 1246 571 quatuor
1283 529 1423 556 annos
1460 514 1678 571 perficiat,
1717 514 1794 556 sed
1831 513 1969 556 etiam

251 582 470 638 .singulis
507 583 637 624 annis
677 598 779 625 suos
817 584 1060 641 praefigere
1088 586 1093 640 Ι
1121 585 1349 640 terminos,
1389 589 1487 626 tum
1518 600 1587 639 ne,
1621 585 1659 626 si
1691 599 1791 626 suas
1820 587 1969 641 partes

276 653 508 710 praelegat
539 653 683 707 citius,
718 669 853 710 quam
884 659 1073 711 oportet,
1107 661 1210 697 ante
1238 656 1373 697 finem
1403 655 1687 711 quadriennij
1716 669 1891 697 necesse
1910 655 1971 696 sit

274 723 417 765 redire
450 724 507 765 ad
538 724 721 766 initium
753 725 1039 780 Theologiae,
1070 726 1142 768 vel
1173 731 1276 782 post
1305 726 1441 767 finem
1474 725 1762 781 quadriennij
1796 725 1970 782 aliquas

274 794 455 851 reijcere
489 794 784 851 quaestiones,
816 796 854 838 si
887 796 1061 838 tardius
1091 796 1428 853 progrediatur3
1456 801 1554 838 tum
1576 796 1696 854 quia,
1719 796 1756 838 si
1775 796 1968 838 liberum

275 870 390 907 esset
427 865 588 920 metiri,
629 866 854 922 quomodo
885 867 1042 922 velint,
1083 882 1254 909 annum
1293 867 1551 923 quemlibet,
1593 867 1836 910 dummodo
1868 881 1970 909 suas

275 941 423 993 partes
462 936 758 992 quadriennio
798 942 1033 994 peragant,
1072 953 1175 981 cum
1213 938 1404 994 quilibet
1434 953 1578 981 annus
1610 939 1669 980 sit
1700 937 1970 995 quibusdam

276 1007 563 1049 auditoribus
580 1011 766 1064 quartus
783 1013 829 1050 et
843 1008 1044 1064 ultimus,
1077 1009 1230 1065 aliqua
1246 1010 1489 1052 nonnullos
1505 1010 1695 1052 materia
1711 1008 1967 1052 defraudari

275 1092 403 1134 saepe
443 1078 742 1134 contingeret3
790 1084 889 1122 tum
928 1080 1034 1136 quia
1072 1095 1280 1123 concessa
1316 1081 1400 1124 hac
1438 1081 1648 1123 libertate
1687 1095 1781 1123 non
1816 1080 1972 1122 liceret

274 1148 508 1191 Praefecto
547 1163 625 1191 seu
656 1150 841 1192 Rectori
877 1151 1123 1193 tardiorem
1161 1151 1360 1208 aliquem
1391 1151 1692 1194 Professorem
1722 1166 1882 1208 urgere
1914 1150 1972 1193 ad

273 1220 672 1277 progrediendum:
712 1222 1001 1279 responderet
1032 1223 1166 1278 enim,
1205 1237 1250 1264 se
1281 1222 1372 1265 iam
1404 1223 1513 1265 satis
1543 1222 1790 1278 diligenter
1819 1221 1972 1279 inijsse

274 1306 376 1333 suas
405 1292 615 1347 rationes,
646 1297 699 1336 vt
733 1293 1030 1349 quadriennio
1063 1309 1194 1336 suum
1224 1309 1412 1351 pensum
1441 1293 1692 1351 persoluat:
1724 1308 1815 1350 qua
1844 1293 1894 1335 in
1923 1307 1971 1335 re

274 1376 365 1404 non
393 1362 538 1405 solum
559 1363 683 1418 alios,
716 1363 792 1405 sed
817 1364 953 1407 etiam
975 1365 1170 1423 seipsum
1192 1365 1369 1408 falleret
1389 1379 1720 1423 saepenumero.
1770 1363 1972 1407 Termini

273 1433 428 1490 itaque
459 1433 741 1489 singulorum
773 1449 997 1478 annorum
1027 1436 1242 1479 videntur
1273 1436 1515 1478 statuendi.

416 1507 456 1549 3.
490 1505 554 1546 Hi
582 1519 689 1548 vero
708 1506 892 1548 termini
913 1507 977 1549 sic
996 1507 1211 1550 videntur
1235 1507 1492 1563 definiendi,
1523 1511 1576 1551 vt
1595 1507 1719 1565 prior
1739 1506 1972 1550 Professor

274 1574 419 1633 primo
460 1590 578 1618 anno
609 1578 666 1620 43
699 1575 992 1626 Quaestiones
1026 1582 1064 1622 1.
1096 1579 1221 1623 Part.
1253 1579 1462 1636 explicet.
1496 1578 1701 1622 Secundo
1732 1573 1970 1621 materiam

276 1647 330 1689 de
368 1647 557 1703 Angelis
610 1652 656 1690 et
697 1651 749 1692 21
800 1648 1095 1698 Quaestiones
1136 1654 1173 1694 1.
1217 1653 1256 1694 2.
1320 1650 1473 1692 Tertio
1513 1665 1539 1692 a
1587 1649 1859 1700 Quaestione
1898 1650 1968 1694 55.

274 1717 347 1760 vel
387 1733 412 1760 a
452 1717 722 1767 Quaestione
761 1723 829 1764 71.
872 1720 929 1763 ad
965 1720 1102 1763 finem
1144 1725 1183 1766 1.
1226 1725 1265 1766 2.
1328 1720 1499 1771 Quarto
1540 1720 1594 1763 de
1632 1720 1757 1775 Fide,
1796 1720 1886 1778 Spe
1925 1722 1972 1762 et

276 1788 507 1831 Charitate
548 1805 651 1832 cum
683 1791 1000 1833 controuersiis
1031 1791 1086 1834 de
1118 1792 1377 1850 Scripturis,
1425 1792 1479 1834 de
1512 1791 1868 1846 Traditionibus,
1915 1790 1970 1833 de

277 1859 503 1916 Concilijs,
544 1860 598 1903 de
636 1861 861 1916 Ecclesia,
903 1862 957 1904 de
996 1862 1218 1905 Pontifice
1256 1863 1477 1908 Romano,
1555 1862 1686 1905 Alter
1725 1876 1831 1906 vero
1862 1862 1970 1904 Pro-

275 1929 414 1973 fessor
436 1932 582 1989 primo
608 1947 726 1975 anno
744 1938 940 1990 exponat
957 1933 1011 1976 de
1027 1935 1059 1977 J
1060 1934 1219 1977 ustitia
1236 1939 1281 1977 et
1296 1935 1328 1977 J
1330 1949 1408 1977 ure
1425 1934 1636 1991 (exceptis
1653 1933 1970 1988 contractibus,

278 2002 356 2057 qui
387 2002 587 2046 discendi
618 2008 724 2047 sunt
751 2005 992 2047 aCasuum
1008 2004 1283 2062 Professore)
1315 2009 1359 2048 et
1389 2005 1633 2063 praecipua
1663 2004 1884 2061 quaedam
1915 2003 1970 2047 de

275 2072 529 2130 Religione,
568 2079 621 2118 vt
652 2074 706 2117 de
739 2076 873 2131 Voto,
906 2076 960 2118 de
991 2076 1274 2131 Juramento,
1308 2076 1362 2119 de
1395 2076 1612 2119 Simonia.
1677 2075 1882 2119 Secundo
1914 2075 1969 2118 de

274 2143 603 2201 Incarnatione,
651 2151 707 2201 et,
755 2147 793 2188 si
832 2151 993 2204 potest,
1041 2152 1274 2205 percurrat
1305 2149 1442 2190 etiam
1475 2149 1766 2191 Sacramenta
1799 2146 1972 2190 Confir-

274 2215 503 2271 mationis,
537 2216 733 2272 Ordinis,
765 2218 1007 2261 Extremae
1037 2219 1280 2262 unctionis.
1330 2219 1482 2262 Tertio
1513 2219 1567 2261 de
1587 2217 1891 2261 Sacramentis
1920 2217 1970 2260 in

251 2300 450 2341 .genere‚
480 2288 485 2344 Ι
514 2287 568 2330 de
599 2288 836 2345 Baptismo
878 2294 922 2331 et
954 2290 1253 2333 Eucharistia.
1317 2289 1489 2340 Quarto
1521 2290 1575 2332 de
1606 2289 1895 2332 Poenitentia
1925 2292 1971 2330 et

275 2356 579 2413 Matrimonio,
609 2359 806 2417 exceptis
822 2360 1164 2417 Impedimentis
1184 2361 1384 2404 eiusdem
1399 2360 1677 2417 Matrimonij
1697 2364 1741 2403 et
1758 2360 1969 2403 Oensuris

275 2427 614 2485 EcclesiasticiS,
649 2445 762 2486 quae
784 2431 917 2486 (sicut
934 2432 1125 2475 inferius
1146 2432 1464 2489 explicabitur)
1491 2432 1678 2474 audient
1701 2431 1923 2487 Theologi
1942 2444 1968 2472 a

275 2498 440 2541 lectore
461 2500 670 2556 Casuum,
704 2502 823 2557 quia,
855 2502 910 2559 ijs
941 2503 1029 2545 nisi
1060 2503 1263 2560 materijs
1294 2507 1593 2546 exonerentur
1621 2501 1841 2558 Theologi
1860 2503 1969 2545 Pro-

274 2568 473 2625 fessores,
505 2572 714 2627 grauiora
736 2572 1009 2630 Theologiae
1035 2575 1183 2631 capita
1211 2575 1476 2617 festinanter
1505 2579 1549 2616 et
1571 2574 1735 2616 cursim
1756 2573 1969 2616 deuorare

276 2644 506 2696 cogentur,
539 2646 591 2684 vt
622 2657 765 2699 neque
797 2644 1126 2688 subtilitatibus
1159 2646 1527 2702 speculationum,
1559 2660 1704 2701 neque
1724 2644 1969 2687 moralibus

275 2711 642 2754 institutionibus
674 2713 845 2756 faciant
875 2716 996 2770 satis,
1031 2717 1147 2759 sicut
1183 2720 1368 2774 apparet
1401 2730 1456 2758 ex
1486 2716 1618 2758 valde
1649 2715 1815 2758 ieiunis
1846 2730 1966 2758 com-

275 2782 506 2838 mentarijs
546 2798 711 2838 eorum,
743 2786 834 2840 qui,
873 2801 973 2828 cum
1014 2792 1227 2843 vtrasque
1265 2791 1414 2844 partes
1452 2787 1628 2843 explere
1660 2802 1711 2829 ac
1740 2791 1966 2843 praestare

275 2868 319 2895 se
336 2868 462 2910 posse
479 2854 811 2909 pollicerentur,
845 2858 1158 2912 quaestionum
1176 2863 1404 2900 momenta
1421 2858 1620 2900 indicare
1635 2858 1798 2915 potius,
1831 2872 1966 2913 quam

275 2923 521 2981 expendere
550 2925 745 2967 voluisse
776 2926 863 2968 visi
883 2933 1003 2970 sunt.
1057 2928 1355 2971 Auditoribus
1386 2943 1491 2970 vero
1524 2928 1795 2984 Theologiae
1825 2927 1967 2970 satius

276 3001 342 3037 est
373 2995 482 3037 haec
513 2995 717 3050 Moralia,
750 3011 862 3051 quae
894 2997 943 3038 in
976 2998 1250 3053 Theologiae
1282 2999 1504 3042 curriculo
1535 3004 1767 3056 nequeunt
1796 2998 1964 3054 audire,

275 3080 303 3112 a
334 3065 589 3108 Professore
621 3066 818 3109 Casuum
849 3067 1032 3122 discere,
1071 3069 1193 3125 quod
1225 3083 1327 3111 cum
1359 3069 1584 3125 dignitate
1614 3074 1658 3112 et
1690 3069 1842 3113 fructu
1871 3083 1964 3112 non
