2143 3462
334 206 419 249 212
499 215 606 251 Ratio
635 215 841 251 studiorum
868 219 906 250 et
932 212 1192 250 institutiones
1219 209 1459 248 scholasticae
1486 209 1680 246 Societatis
1704 210 1794 246 Jesu
1819 204 1858 245 1'1

638 399 709 447 De
749 399 1047 462 (lpiuiouum
1088 397 1279 446 delectu
1319 413 1408 461 pro
1448 395 1727 460 Scripturae

700 488 747 530 et
786 482 1243 531 Controuersiarum
1282 479 1661 528 Professoribus.

482 588 704 639 Quoniam
737 602 828 629 non
859 587 993 628 modo
1025 586 1405 629 Scholasticorum
1435 585 1766 639 Theologorum
1804 582 2034 625 consulen-

217 690 235 712 ρ
259 662 451 704 322.(111Π1
485 666 552 702 est
583 659 815 702 securitati
847 664 892 699 et
923 658 1203 712 concordiae,
1245 657 1319 698 sed
1350 659 1354 712 Ι
1384 671 1538 698 eorum
1579 670 1770 711 quoque,
1810 655 1887 711 qui
1921 653 2037 697 Scri-

242 2300 268 2323 p,

283 2292 314 2315 33

321 2294 344 2312 ’1.

343 739 498 790 pturas
532 736 576 773 et
610 730 949 773 Controuersias
981 729 1224 786 explicant,
1260 728 1307 770 in
1339 728 1501 769 horum
1538 728 1732 783 gratiam
1775 725 2035 780 sententiae,

344 819 457 860 quae
489 808 759 860 sequuntur,
800 801 1012 843 definitae
1045 806 1169 842 sunt:
1220 814 1410 855 quarum
1443 798 1627 854 quidem
1658 799 1793 855 paulo
1825 798 2040 840 maiorem

343 891 579 918 numerum
619 890 709 915 esse
748 872 969 930 oportuit,
1010 871 1131 926 quod
1170 871 1218 912 in
1258 871 1360 912 aliis
1399 870 1738 926 quaestionibus
1771 870 2041 912 breuitatem

343 964 420 990 seu
451 947 723 1005 paucitatem
757 959 929 998 eorum,
963 958 1076 998 quae
1108 942 1322 984 distincte
1353 942 1742 999 praescribuntur,
1781 942 1893 985 satis
1925 956 2043 984 com-

345 1025 503 1078 pensat
541 1017 814 1075 praesidium
847 1015 892 1058 S.
925 1014 1146 1068 Thomae,
1187 1029 1275 1070 quo
1320 1014 1432 1055 istae
1476 1013 1691 1056 materiae
1728 1012 1866 1055 ferme
1910 1013 2044 1055 desti-

347 1097 551 1134 tuuntur.
616 1090 718 1131 Huc
751 1087 937 1141 accedit,
972 1085 1093 1142 quod
1124 1085 1208 1127 hae
1241 1085 1570 1142 disputationes
1602 1100 1705 1126 oum
1732 1084 1861 1126 Fidei
1881 1084 2046 1127 Catho-

348 1163 457 1205 licae
480 1160 764 1214 veritatibus,
798 1173 908 1214 quas
929 1173 1049 1199 nuno
1077 1157 1315 1213 exagitant
1336 1156 1580 1211 Haeretici,
1613 1161 1745 1198 tanta
1767 1156 2047 1198 connexione

348 1234 708 1289 coniunguntur,
741 1236 794 1272 ut
826 1245 871 1271 se
902 1234 1062 1271 mutuo
1095 1228 1281 1270 foueant
1313 1243 1364 1270 ac
1396 1227 1607 1269 muniant
1638 1241 1731 1269 non
1763 1242 1949 1283 parum:
2005 1230 2049 1268 et

350 1306 425 1361 qui
460 1305 512 1346 de
543 1305 668 1358 vnis,
707 1307 759 1345 vt
791 1304 986 1357 oportet,
1027 1314 1121 1342 non
1153 1300 1311 1353 sentit,
1350 1299 1513 1340 alteras
1557 1298 1713 1340 statim
1751 1298 1895 1341 faciat
1925 1298 2050 1340 infir-

351 1378 525 1419 miores,
576 1375 659 1417 Est
683 1373 850 1415 adhaec
872 1371 942 1414 his
964 1372 1011 1413 in
1033 1373 1167 1414 rebus
1186 1371 1414 1418 lubricum
1439 1385 1544 1412 sane
1575 1369 1791 1412 iudicium
1825 1374 1870 1412 et
1900 1371 2052 1427 lapsus

351 1449 486 1503 longe
524 1443 789 1503 procliuior,
834 1458 969 1499 quam
1001 1443 1050 1486 in
1081 1446 1237 1487 multis
1269 1459 1323 1487 ex
1357 1446 1400 1488 S.
1435 1445 1609 1487 Thoma
1648 1443 1870 1486 definitis:
1918 1457 2052 1499 quare

353 1519 497 1562 maior
527 1516 722 1575 suspicio
754 1514 943 1572 periculi
971 1515 1217 1572 pleniorem
1237 1531 1413 1573 quoque
1435 1520 1650 1574 poscebat
1671 1514 2052 1572 explanationem.

355 1590 617 1648 Optandum
650 1587 835 1629 tandem
868 1590 949 1641 est,
983 1591 1048 1641 vt,
1081 1587 1256 1643 quoties
1277 1588 1519 1643 Haeretici,
1551 1592 1604 1632 vt
1634 1588 1793 1642 solent,
1825 1587 1873 1628 in
1893 1585 2057 1642 capita,

354 1677 467 1719 quae
498 1659 866 1718 praescribuntur
897 1657 983 1700 hoc
1016 1658 1138 1714 1000,
1172 1659 1477 1715 descendunt,
1513 1659 1756 1713 Catholici,
1796 1656 2056 1714 praesertim

356 1733 523 1787 Nostri,
556 1731 838 1774 concorditer
858 1729 915 1785 ijs
936 1729 1167 1786 solideque
1189 1732 1500 1789 respondeant,
1533 1746 1589 1773 110
1610 1730 1778 1773 nostris
1799 1728 1869 1770 illi
1891 1728 2059 1770 dissen-

358 1805 561 1848 sionibus
604 1808 684 1845 au‘ss
721 1802 919 1845 incautis
951 1804 1260 1849 locutionibus
1297 1807 1454 1845 nostra
1495 1801 1743 1856 debilitari,
1795 1815 1876 1843 sua
1914 1812 2061 1841 corro-

358 1876 509 1919 borari
548 1874 836 1919 arbitrentur.
901 1878 971 1921 Ob
1010 1876 1254 1919 firmiorem
1293 1875 1452 1931 itaque
1489 1874 1721 1916 doctrinae
1759 1870 2061 1914 constantiam

361 1948 407 1989 in
431 1947 565 1989 rebus
588 1952 683 1989 tam
703 1948 964 2004 periculosis
995 1949 1229 2004 aliquanto
1261 1947 1392 2005 plura
1424 1947 1478 1988 de
1511 1945 1595 2000 his,
1629 1959 1764 2001 quam
1785 1943 1839 1985 de
1861 1942 2062 1997 caeteriS,

361 2020 593 2061 enucleate
627 2019 786 2061 debere
818 2021 939 2063 tradi
970 2020 1070 2063 visa
1101 2029 1207 2062 sunt
1240 2044 1293 2049 —
1325 2018 1410 2060 1100
1439 2018 1532 2060 fere
1563 2016 1711 2059 modo.

543 2165 615 2214 De
656 2165 922 2230 Scripturis
962 2165 1225 2215 Canoniois
1265 2180 1526 2229 earumque
1566 2161 1878 2212 editionibus.

515 2274 551 2314 1.
586 2272 652 2313 Ne
684 2271 733 2313 in
764 2271 971 2313 minutiis
1004 2272 1186 2328 quidem
1219 2286 1373 2313 sensus
1404 2270 1523 2313 vllus
1562 2269 1703 2310 falsus
1735 2272 1801 2309 est
1836 2272 1843 2323 Ι
1879 2267 1926 2308 111
1949 2266 2066 2309 Scri-

368 2343 537 2397 pturiS,
580 2357 723 2397 neque
756 2343 804 2384 in
835 2343 1058 2399 personis,
1099 2358 1209 2399 quas
1240 2344 1473 2399 loquentes
1504 2340 1800 2382 introducunt
1830 2342 1882 2380 vt
1912 2338 2068 2395 plenas

369 2414 543 2470 Spiritu
575 2420 744 2457 sancto.

512 2491 550 2529 2.
584 2486 872 2528 Probabilius
904 2491 970 2528 est
1000 2487 1139 2530 verba
1170 2487 1417 2544 primorum
1450 2484 1775 2542 exemplarium
1799 2499 1849 2526 ac
1869 2481 2069 2525 fontium

372 2557 731 2613 incorruptorum
771 2557 908 2599 fuisse
948 2558 1100 2599 omnia
1143 2563 1187 2599 et
1226 2558 1407 2613 singula
1446 2572 1471 2598 a
1504 2557 1679 2614 Spiritu
1712 2560 1867 2598 sancto
1900 2555 2071 2596 dictata

372 2627 614 2669 secundum
648 2628 966 2683 substantiam,
1000 2629 1342 2670 multiformiter
1371 2633 1522 2669 tamen
1555 2642 1635 2685 pro
1657 2627 1784 2670 varia
1802 2627 2071 2668 instrumen-

375 2703 521 2739 torum
556 2699 828 2741 conditione.

517 2773 556 2813 3.
590 2771 731 2812 Tituli
765 2773 1095 2828 Prophetarum
1127 2777 1170 2814 et
1202 2772 1484 2814 Psalmorum
1518 2771 1737 2814 Oanonioi
1768 2775 1889 2813 sunt.

517 2845 556 2884 4.
596 2843 700 2881 Post
720 2844 975 2885 (tonoilium
1000 2845 1155 2885 saltem
1169 2844 1484 2885 Tridentinum
1506 2857 1586 2899 pro
1608 2841 1847 2884 Canoniois
1866 2840 2075 2884 habenda

379 2918 484 2953 sunt
524 2913 685 2969 Capita
727 2915 946 2968 quaedam
989 2915 1172 2969 Esther,
1214 2915 1428 2956 vltimum
1470 2915 1618 2970 Caput
1661 2914 1824 2965 Marci,
1872 2912 2076 2954 Historia

379 2984 611 3025 Susannae
642 2989 686 3025 et
718 2985 988 3031 huiusmodi.

522 3059 562 3099 ἴ).
596 3056 786 3097 (lonc-ilii
820 3057 1074 3098 Tridentini
1119 3057 1294 3098 decreto
1332 3062 1557 3113 repugnat
1597 3058 1743 3099 omnis
1781 3073 1935 3099 sensus
1975 3071 2078 3097 0011-

383 3128 548 3168 trarius
579 3129 742 3179 sensui,
776 3144 904 3183 quem
941 3129 1129 3183 vulgata
1161 3129 1300 3169 editio
1332 3129 1500 3170 Latina
1531 3130 1680 3171 reddit
1711 3129 1954 3170 euidenter.
