2143 3462
67 548 182 578 Duphm
205 555 323 572 examen

61 584 317 614 Philosophorum.

109 2336 235 2360 Vintutis
258 2338 328 2361 ratio

157 2373 296 2396 nummula.

170 2631 253 2657 1599:

87 2668 236 2691 Exmninis
259 2668 322 2692 finis

128 2709 150 2726 v!
176 2704 288 2728 modus.

170 2740 253 2763 1s32:

115 2776 196 2805 Quat!
206 2776 305 2805 ruptux

115 2810 314 2839 theologorum

142 2854 271 2870 vxnnwu.

341 206 426 249 244

523 214 634 252 Ratio
662 214 867 251 studiorum
896 219 932 251 et
957 213 1214 252 institutiones
1240 208 1485 250 scholasticae
1511 212 1704 250 Societatis
1730 212 1820 249 Jesu
1844 203 1882 248 1‘1

339 349 597 391 progressus
628 335 676 376 in
713 334 783 376 his
823 335 1107 391 potissimum
1150 333 1312 376 studiis
1351 333 1582 376 faciendos
1618 333 1809 390 praediti
1840 336 1988 388 sunt1,
2020 337 2073 376 ut

340 406 527 447 &didius
558 405 908 447 fundamentum
934 406 1119 461 jaciant,
1154 405 1402 448 videndum
1442 404 1544 459 erit,
1585 420 1643 446 an
1682 418 1840 461 operae
1878 405 2071 461 pretium

340 477 398 517 sit
429 477 676 518 triennium
707 477 974 534 impendere.

434 547 509 593 19.
565 551 601 601 ξ.
629 548 690 591 1.2
737 549 983 603 Postquam
1006 562 1185 589 cursum

342 618 712 675 Philosophicum
762 619 950 674 ingressi
1002 618 1186 671 fuerint,

340 690 410 730 bis
458 689 749 731 examinandi
792 694 923 731 erunt
960 704 1038 746 per
1075 689 1188 730 desi-

341 765 506 814 gnatos
535 761 877 814 examinatores,
908 760 1190 802 Praefectum

341 832 554 874 videlicet
585 832 837 873 studiorum
876 836 921 872 et
950 831 1192 886 Magistros

341 902 614 958 Theologiae
644 917 694 943 ac
714 901 1046 958 Philosophiae,
1080 902 1191 943 Rec-

343 978 437 1014 tore
459 978 692 1029 praesente
716 972 899 1028 ejusque
918 972 1194 1015 Consultori-

343 1044 427 1086 bus
459 1048 503 1084 et
524 1045 620 1100 ipso
643 1043 936 1098 Provinciali,
971 1044 1007 1085 si
1029 1043 1190 1100 possit:

343 1115 539 1170 primum
574 1114 758 1169 quidem
789 1115 925 1170 paulo
947 1120 1051 1156 ante
1083 1130 1192 1170 qua-

343 1185 642 1240 dragesimam
664 1186 734 1227 Vel
753 1185 834 1227 sub
860 1185 993 1227 ferias
1010 1185 1193 1242 pascha-

1302 546 1377 592 19.
1398 550 1435 599 ξ.
1450 547 1511 591 1.2
1529 547 1777 601 Postquam
1789 560 1967 587 cursum
1977 545 2075 602 phi-

1226 618 1506 674 losophicum
1517 617 1707 673 ingressi
1717 616 1898 671 fuerint,
1907 615 2077 671 singuli

1228 689 1308 730 sub
1331 689 1439 730 anni
1459 689 1674 745 cujusque
1691 689 1826 729 finem
1844 687 1956 729 serio
1975 701 2076 729 exa-

1230 760 1431 801 minandi
1457 764 1588 801 erunt
1605 775 1683 816 per
1701 759 1959 814 designatos
1976 773 2077 800 exa-

1230 831 1489 884 minatoreS,
1504 831 1695 872 Hectore
1709 835 1937 886 praesente
1952 834 1996 871 et
2009 830 2076 886 ip-

1230 916 1277 944 so
1288 902 1579 956 Provinciali,
1593 903 1631 943 si
1641 902 1802 958 possit3
1821 915 2041 956 nemoque
2053 916 2079 942 a

1230 972 1374 1029 primo
1394 988 1512 1014 anno
1529 972 1840 1030 philosophiae
1859 972 1915 1014 ad
1927 986 2079 1013 secun-

1231 1044 1338 1086 dum
1359 1046 1439 1100 (pr.
1460 1048 1538 1086 aut
1555 1059 1577 1085 e
1593 1043 1786 1085 secundo
1806 1043 1863 1085 ad
1878 1043 2079 1098 tertium)

1232 1115 1554 1170 admittendus,
1601 1114 1677 1170 qui
1725 1114 2079 1156 mediocritatem

1234 1187 1388 1238 (1832:
1426 1187 1473 1227 in
1502 1185 1662 1241 logica,
1693 1185 2006 1242 metaphysica
2037 1188 2082 1226 et

342 1257 417 1310 les,
437 1256 598 1298 deinde
616 1271 768 1297 rursus
783 1256 958 1312 Logica
973 1257 1191 1301 absoluta.
1212 1258 1215 1315 j
1232 1257 1424 1299 mathesi
1444 1257 1723 1312 elementari)
1747 1271 1840 1298 non
1863 1256 2081 1312 attigerit,

488 2342 524 2388 ξ.
561 2341 599 2381 2.

1211 1317 1214 1386 ἶ
1231 1328 1313 1369 h.e.
1326 1332 1378 1369 ut
1389 1343 1453 1382 ea,
1465 1343 1579 1384 quae
1590 1327 1779 1382 audivit,
1793 1327 1905 1369 bene
1914 1327 2083 1369 intelli-

1231 1403 1311 1455 gat
1328 1414 1379 1441 ac
1396 1399 1450 1441 de
1470 1399 1527 1440 iis
1543 1398 1680 1440 etiam
1697 1398 1920 1441 rationem
1942 1398 2084 1455 possit

1230 1470 1424 1512 reddere.
1447 1470 1521 1512 Ad
1538 1470 1818 1525 theologiam
1834 1485 1939 1512 vero
1958 1469 2083 1511 scho-

1231 1541 1439 1584 lasticam
1454 1542 1551 1584 sive
1573 1541 1630 1583 ad
1648 1541 1994 1597 quadriennium
2010 1556 2085 1582 ne-

1233 1627 1304 1654 mo
1324 1612 1602 1667 admittetur,
1632 1613 1709 1669 qui
1727 1612 2084 1655 mediocritatem

1231 1684 1280 1726 in
1287 1685 1500 1726 universa
1510 1683 1796 1742 philosophia
1807 1698 1898 1726 non
1908 1698 2085 1741 supera-

1231 1755 1362 1810 verit,
1379 1755 1445 1797 ita
1457 1755 1688 1810 nimirum,
1706 1759 1757 1797 ut
1771 1755 1865 1811 ejus
1880 1755 2085 1797 assertio-

1232 1841 1310 1867 nes
1330 1826 1568 1868 defendere
1583 1827 1788 1882 tuerique
1808 1841 1910 1868 cum
1928 1840 2086 1883 appro-

1232 1898 1414 1940 batione
1431 1899 1584 1955 possit,
1611 1897 1700 1939 nisi
1725 1897 1841 1940 forte
1856 1897 2085 1955 praeclara

1231 1969 1280 2011 in
1312 1969 1529 2011 mediocri
1561 1969 1711 2025 aliquo
1746 1969 1804 2011 ad
1831 1969 2085 2024 gubernan-

1233 2040 1340 2082 dum
1353 2046 1432 2083 aut
1442 2040 1804 2082 concionandum
1813 2040 1987 2082 talenta
1995 2040 2085 2081 elu-

1233 2117 1376 2167 ceant,
1403 2116 1587 2169 propter
1606 2127 1719 2167 quae
1740 2111 1863 2154 aliud
1887 2114 2085 2153 statuen-

1234 2184 1343 2225 dum
1353 2183 1631 2226 Provinciali
1639 2183 1860 2234 videatur,
1874 2182 1947 2224 cui
1957 2182 2085 2225 nulla

1233 2256 1281 2297 in
1306 2255 1464 2297 ceteris
1484 2253 1774 2310 dispensandi
1798 2254 1857 2295 sit
1878 2254 2083 2298 facultas

664 2338 717 2378 In
751 2337 834 2379 hac
867 2342 1015 2380 autem
1048 2343 1145 2381 tota
1166 2355 1226 2395 re,
1260 2339 1366 2395 quia
1393 2338 1548 2393 magni
1568 2338 1787 2379 momenti
1818 2338 1867 2379 in
1886 2337 2083 2379 Domino

338 2407 585 2461 judicanda
623 2414 690 2450 est
729 2413 773 2449 et
811 2409 1091 2451 considerato
1132 2411 1375 2452 admodum
1417 2409 1472 2450 ob
1514 2409 1727 2464 majorem
1767 2409 1852 2450 Dei
1890 2409 2081 2463 gloriam

343 2479 647 2533 transigenda,
692 2484 840 2521 servet
888 2480 934 2521 in
973 2481 1130 2537 primis
1161 2481 1460 2524 Provincialis
1496 2480 1698 2534 Regulas
1728 2483 1798 2524 49.
1832 2484 1877 2521 et
1908 2482 1978 2524 56.
2018 2479 2083 2520 of-

343 2549 434 2590 ficii
468 2550 548 2603 sui,
582 2556 626 2591 ct
660 2551 947 2607 potissimum
978 2553 1197 2594 rationem

432 2636 469 2683 ξ.
505 2637 543 2674 3.
595 2635 692 2675 Hoc
716 2649 917 2689 examen,
939 2649 1027 2690 quo
1048 2635 1193 2676 decer-

345 2703 485 2757 nitur,
534 2709 686 2745 utrum
736 2705 836 2760 quis
876 2706 1195 2762 Philosophiae

345 2789 402 2815 an
424 2774 613 2815 Casibus
646 2777 791 2817 conse-i
799 2776 945 2817 entiae
967 2777 1196 2818 destinan-

1231 2553 1396 2594 habeat
1428 2551 1627 2593 virtutis.

1322 2637 1359 2688 ξ.
1392 2637 1432 2679 3.
1483 2634 1631 2675 Simili
1653 2634 1825 2675 ratione
1857 2633 1935 2689 qui
1955 2632 2081 2675 theo-

1232 2706 1381 2760 logiae
1421 2706 1533 2747 dant
1570 2720 1768 2762 operam,
1815 2704 1899 2746 sub
1946 2705 2081 2745 finem

1234 2777 1515 2832 singulorum
1548 2791 1769 2818 annorum
1792 2774 2081 2817 examinandi

347 2845 429 2886 dus
462 2845 531 2898 sit,
564 2847 742 2886 secretis
778 2847 855 2888 fiat
876 2848 1118 2902 suffragiis,
1152 2852 1197 2888 et
1235 2853 1359 2901 sunt3
1405 2862 1625 2903 nemoque
1667 2847 1725 2889 ad
1771 2847 2080 2902 insequentem

345 2916 464 2971 quod
483 2917 776 2959 constituturi]
797 2918 933 2959 fuerit
946 2919 1078 2959 simul
1096 2933 1197 2960 cum
1214 2919 1218 2988 1
1235 2919 1445 2975 progredi
1471 2917 1818 2975 permittendus,
1844 2917 1921 2972 qui
1938 2917 1986 2958 in
2011 2916 2079 2971 iis,

494 3000 503 3019 ¹
529 3011 579 3044 pr.
606 3006 643 3033 ct
673 3002 761 3034 1832
790 3000 919 3040 ,.si11t.“

489 3059 502 3077 ²
531 3059 635 3093 Diesce
663 3059 723 3092 Nr.
756 3062 795 3092 19
833 3061 954 3094 warde
989 3060 1081 3094 noch
1115 3071 1181 3095 von
1214 3061 1249 3094 Ρ.
1278 3061 1470 3103 Aquaviva
1506 3061 1744 3105 aligeimdert.

1796 3060 1876 3095 Wir
1901 3060 2016 3103 geben
2041 3059 2078 3094 in

344 3117 406 3150 alm·
432 3117 552 3151 linkcn
582 3118 758 3152 Kolunme
786 3119 852 3152 den
880 3120 977 3153 alten
1006 3120 1101 3153 Text
1127 3131 1205 3154 vom
1234 3120 1267 3153 J.
1296 3121 1397 3163 1599,
1424 3121 1460 3154 in
1489 3121 1553 3154 ‹lcr
1577 3121 1724 3155 rechten
1751 3121 1810 3154 die
1837 3123 1981 3162 spatere
2008 3120 2077 3153 Re-
