2084 3441
160 996 188 1018 p.
210 987 254 1011 96.

268 203 324 246 82
445 212 554 247 Ratio
581 212 786 247 studiorum
813 214 851 246 et
876 209 1132 246 institutiones
1159 207 1403 244 scholasticae
1429 206 1626 258 Societatis
1651 208 1741 246 Jesu
1766 211 1804 246 II

417 334 456 376 3.
490 331 780 387 Regulariter
826 345 919 373 non
964 330 1078 372 fiant
1123 331 1357 382 tractatus,
1404 326 1481 369 sed
1526 333 1728 371 seruetur
1775 329 1883 372 ordo
1925 329 1971 373 S.

273 402 484 456 Thomae,
518 402 607 444 nisi
633 417 735 444 cum
767 402 840 444 vel
871 401 993 443 illius
1026 400 1132 443 ordo
1167 398 1398 441 obscurior
1428 397 1747 441 distractior-ve
1779 405 1866 455 est3
1899 400 1975 443 vel

273 489 373 515 cum
413 473 600 515 materia
633 473 786 528 aliqua
816 472 865 513 in
897 470 1213 527 compendium
1244 468 1427 511 videtur
1456 469 1724 525 redigenda3
1766 471 1839 514 vel
1872 486 1975 514 cum

275 544 531 586 addendum
552 549 619 585 est
638 545 681 585 S.
702 543 914 597 Thomae,
947 546 1001 584 vt
1033 541 1085 583 de
1101 540 1315 595 Ecclesia,
1356 539 1411 581 de
1428 540 1555 596 Papa
1586 544 1670 582 etc.
1718 540 1975 584 Dummodo

272 616 322 657 in
363 615 418 672 ijs
450 615 573 672 prius
606 615 649 657 S.
669 615 868 655 Thomae
899 627 1024 654 mens
1057 612 1295 667 (quatenus
1326 610 1482 653 haberi
1514 614 1677 667 potest)
1711 616 1975 669 exponatur,

278 690 330 728 vt
362 686 419 727 sit
451 685 601 742 potius
635 684 844 726 ordinata
877 683 1100 739 quaedam
1133 682 1178 724 S.
1202 682 1401 724 Thomae
1433 682 1690 739 explicatio.

416 760 456 800 4.
490 756 721 811 Nusquam
764 754 970 808 dictetur,
1017 752 1106 794 nisi
1138 752 1440 809 explicatione
1473 752 1675 796 omnium
1706 754 1812 810 fere,
1862 769 1977 811 quae

275 828 521 880 dictantur,
573 826 646 868 vel
693 825 960 882 praeposita,
1008 823 1084 866 vel
1129 823 1410 879 interposita,
1456 824 1530 866 vel
1575 825 1848 883 postposita;
1896 841 1979 869 nec

269 899 586 941 introducatur
617 911 713 938 mos
746 895 952 938 dictandi
982 894 1064 937 vbi
1095 908 1188 936 non
1221 898 1300 938 est.
1348 894 1439 936 Vbi
1472 910 1578 938 vero
1611 900 1690 951 est,
1725 897 1980 939 conandum

276 973 357 1022 est,
389 972 441 1010 ut
469 967 672 1020 tollatur,
703 967 706 1021 Ι
736 965 884 1022 quoad
916 966 1011 1007 eius
1042 965 1139 1006 fieri
1168 965 1350 1022 poterit,
1391 965 1546 1008 multis
1579 967 1632 1009 de
1664 967 1828 1009 causis:
1864 970 1907 1009 et

416 1054 453 1080 a.
488 1039 633 1094 primo
656 1052 774 1092 sane,
805 1036 912 1092 quia
932 1051 1186 1093 repugnare
1206 1035 1388 1078 videtur
1405 1037 1839 1080 Constitutionibus:
1873 1053 1981 1081 nam
2020 1065 2028 1072 ·

274 1113 314 1154 4.
331 1111 468 1151 Parte
487 1109 688 1153 C.6.Lit,.
708 1109 749 1150 I:
789 1108 1014 1164 „Videant
1039 1107 1310 1164 Superiores,
1342 1106 1572 1163 inquiunt,
1592 1123 1704 1151 num
1726 1109 1980 1164 conueniat,

277 1180 578 1223 Scholasticos
602 1179 810 1222 classium
831 1179 1096 1221 inferiorum
1128 1178 1267 1220 libros
1287 1193 1564 1235 papyraceos
1586 1178 1762 1235 habere,
1794 1184 1847 1223 vt
1877 1180 1982 1224 scri-

276 1253 389 1294 bant
410 1252 459 1293 in
482 1251 544 1293 eis
566 1251 803 1294 lectiones:
829 1254 873 1292 et
894 1250 1012 1292 inter
1033 1249 1176 1291 lineas
1198 1252 1243 1290 et
1264 1248 1320 1290 ad
1341 1249 1593 1305 marginem
1617 1250 1736 1306 quod
1757 1250 1983 1308 oportebit

278 1327 519 1377 annotent3
554 1322 856 1379 prouectiores
878 1321 927 1362 in
947 1319 1293 1362 humanioribus
1314 1320 1481 1362 litteris
1503 1325 1547 1362 et
1567 1320 1667 1377 alijs
1687 1309 1998 1365 facultatibus

279 1394 484 1436 chartam
520 1409 671 1436 secum
711 1392 856 1434 ferent
888 1391 944 1434 ad
978 1407 1042 1446 ea,
1080 1406 1193 1447 quae
1234 1390 1462 1433 audierint
1498 1392 1571 1435 Vel
1610 1392 1673 1434 eis
1711 1393 1984 1436 occurrerint

278 1469 442 1507 notatu
483 1465 635 1521 digna,
686 1463 959 1517 annotanda,
1009 1478 1059 1504 ac
1096 1466 1252 1519 postea
1291 1462 1451 1504 maiori
1483 1478 1584 1506 cum
1617 1464 1774 1506 ordine
1806 1464 1983 1521 digesta

279 1536 555 1579 transferent
599 1536 648 1577 in
691 1535 831 1577 libros
868 1548 1144 1591 papyraceos
1192 1548 1304 1589 quae
1353 1532 1400 1574 in
1449 1538 1681 1590 posterum
1719 1539 1985 1578 conservata

281 1608 468 1651 velint.“
506 1635 559 1638 —
592 1608 696 1650 Non
728 1606 936 1648 indicant
969 1605 1119 1660 itaque
1154 1603 1526 1660 Constitutiones,
1559 1609 1750 1663 tempus,
1785 1606 1905 1662 quod
1935 1607 1985 1648 in

283 1679 508 1722 audiendo
550 1679 736 1736 ponitur
774 1678 822 1719 in
862 1676 1038 1730 scholis,
1081 1679 1384 1732 opportunum
1417 1690 1509 1716 esse
1541 1676 1671 1733 plene
1703 1680 1748 1718 et
1779 1676 1985 1719 ordinate

284 1751 560 1808 excipiendis
586 1750 654 1806 ijs,
685 1749 822 1806 quae¹
855 1747 996 1790 dictat
1016 1750 1297 1804 praeceptor:
1332 1745 1379 1787 id
1401 1746 1521 1787 enim
1543 1750 1701 1803 postea
1722 1746 1985 1790 faciendum

285 1837 376 1864 esse
415 1822 691 1877 significant,
737 1821 786 1862 in
817 1819 981 1862 scholis
1012 1832 1117 1861 vero
1150 1817 1438 1859 scribendum
1471 1832 1576 1871 esse,
1623 1833 1711 1874 quo
1743 1819 1985 1861 memoriae

285 1892 481 1934 defectui
513 1892 786 1947 consulatur,
820 1895 872 1933 vt
905 1904 1107 1946 expresse
1138 1889 1309 1931 ibidem
1343 1888 1509 1931 dicitur
1539 1889 1589 1931 in
1619 1893 1762 1932 textu.

428 1965 545 2005 Item
570 1966 606 2019 ξ.
636 1966 702 2007 16.
757 1962 1021 2019 „Absoluto,
1044 1959 1273 2016 inquiunt,
1295 1959 1444 2002 studio
1473 1960 1529 2002 ad
1552 1960 1646 2003 eius
1671 1961 1986 2019 repetitionem

286 2035 364 2092 qui
395 2035 646 2077 destinatur
682 2034 851 2091 poterit
889 2048 943 2075 ex
974 2032 1043 2088 ijs,
1083 2046 1196 2087 quae
1229 2031 1286 2073 ad
1318 2046 1415 2073 eam
1445 2031 1708 2074 facultatem
1738 2032 1982 2090 pertinent,

287 2106 325 2148 si
366 2106 509 2148 eidem
542 2106 725 2147 Rectori
764 2105 911 2147 visum
952 2103 1101 2158 fuerit,
1150 2102 1199 2144 in
1238 2102 1404 2159 scripta
1442 2102 1623 2145 breuius
1654 2106 1698 2144 et
1730 2104 1987 2146 accuratius

287 2178 489 2233 redigere
537 2192 600 2231 ea,
651 2192 764 2232 quae
811 2175 935 2232 prius
981 2175 1030 2216 in
1076 2174 1322 2216 lectionum
1369 2173 1557 2216 decursu
1589 2174 1837 2232 scripserat,
1885 2189 1988 2217 cum

289 2249 456 2290 minori
495 2248 699 2290 doctrina
740 2246 970 2305 praeditus
1008 2247 1143 2288 erat.“
1208 2245 1421 2287 Indicant
1451 2245 1594 2301 igitur
1625 2260 1703 2288 suo
1737 2261 1788 2287 ea
1818 2245 1987 2288 iudicio

290 2324 333 2361 et
365 2319 539 2361 delectu
571 2319 811 2375 scripsisse,
843 2333 936 2360 non
968 2316 1190 2373 excepisse
1221 2315 1403 2358 dictata.

432 2390 607 2431 Ibidem
638 2390 822 2432 Litera2
856 2389 930 2431 O.:
981 2387 1281 2444 „Huiusmodi
1326 2387 1492 2444 scripta
1539 2387 1638 2430 fieri
1677 2402 1768 2430 non
1808 2387 1987 2443 debent,

290 2461 378 2503 nisi
396 2462 450 2503 ab
468 2461 536 2517 ijs,
557 2461 634 2517 qui
651 2460 809 2503 maiori
827 2459 1032 2502 doctrina
1046 2463 1090 2501 et
1108 2458 1294 2501 clariore
1312 2462 1356 2500 et
1372 2458 1539 2501 iudicio
1557 2459 1746 2516 pollent,
1765 2462 1809 2501 et
1825 2458 1990 2515 reliqui

262 2533 450 2576 .horum
487 2533 638 2574 labore
677 2532 767 2574 frui
798 2531 1050 2588 poterunt.“
1117 2530 1275 2571 Potius
1307 2529 1489 2571 dictatis
1521 2545 1547 2571 a
1578 2531 1887 2588 Praeceptore,
1917 2531 1921 2585 Ι
1950 2529 1988 2571 si

292 2604 401 2645 haec
441 2604 653 2645 dictanda
685 2606 843 2656 essent,
877 2601 967 2643 frui
999 2600 1226 2642 deberent.
1290 2600 1424 2642 Item:
1462 2601 1763 2657 „Conueniret
1795 2601 1931 2643 etiam
1964 2615 1990 2642 a

292 2675 510 2729 magistro
568 2674 848 2731 approbari.“
926 2672 991 2714 At
1036 2672 1072 2713 si
1122 2671 1328 2725 dictauit,
1376 2686 1489 2727 quae
1536 2672 1803 2730 approbatio
1847 2671 1990 2714 maior

293 2745 540 2802 expetenda
573 2746 664 2786 est?

435 2816 582 2857 Infra:
636 2816 752 2871 „Alij
803 2814 1174 2858 annotationibus
1221 2813 1524 2871 praeceptoris
1570 2813 1720 2856 iuuari
1756 2812 1986 2870 possunt.“

293 2889 397 2930 Non
435 2887 578 2942 igitur
616 2888 663 2929 id
702 2902 936 2929 commune
976 2887 1180 2928 futurum
1219 2890 1300 2939 est,
1339 2884 1415 2926 sed
1449 2885 1718 2940 quibusdam
1748 2883 1989 2941 peculiare,

441 2995 451 3013 ¹
478 2995 520 3029 111
548 2993 648 3038 Orig.
679 2997 805 3037 „qua“.

439 3053 452 3072 ²
478 3054 556 3088 Von
583 3053 720 3087 diesem
748 3052 840 3096 Kap.
869 3063 915 3087 an
944 3052 1114 3087 wechselt
1138 3051 1197 3086 die
1225 3050 1455 3095 Schreibung
1481 3051 1594 3086 litera
1617 3049 1691 3086 und
1716 3049 1858 3091 littera,
1893 3050 1990 3084 wah-

293 3113 378 3149 ren‹l
405 3113 529 3148 friiher
556 3112 613 3146 die
642 3116 779 3146 erstere
805 3112 1053 3156 festgehalten
1080 3111 1142 3145 ist.
