2153 3467
306 173 393 216 508
527 182 639 217 Ratio
666 182 869 217 studiorum
897 187 935 217 et
961 182 1215 220 mstitutioues
1241 185 1486 220 scholasticae
1512 185 1708 221 Societatis
1734 187 1823 222 Jesu
1850 188 1888 222 ΙΙ

1063 444 1188 485 Nro.
1210 442 1280 485 17.

348 563 424 613 IV.
470 562 918 626 Begleitschreihen
959 563 1044 610 des
1084 562 1133 610 P.
1174 562 1479 611 Provinzials
1518 562 1708 626 Gregor
1746 564 1984 615 Roseffius

727 663 784 694 zu
824 646 911 694 der
948 645 1308 694 vorstehenden
1347 646 1596 695 Urkunde.

969 740 1035 783 15.
1069 738 1200 782 Febr.
1237 741 1364 784 1604.

760 859 903 903 (Arch.
930 858 1065 891 Germ.
1094 858 1218 892 XIII.
1246 858 1299 891 N.
1328 858 1367 891 2.
1396 859 1467 892 fol.
1498 860 1576 900 12.)

527 979 619 1028 R‘lis
656 979 707 1027 in
747 979 942 1028 Christo
981 977 1112 1026 Pbe¹⁸
1151 978 1201 1026 in
1241 978 1494 1043 Superiori
1534 978 1809 1028 Germania.

578 1121 653 1165 RQ*
687 1120 737 1161 in
767 1120 900 1161 Chro.
934 1120 1025 1161 PP.
1062 1146 1115 1149 —
1148 1119 1245 1161 Pax
1278 1118 1464 1161 Christi.

436 1229 539 1269 Non
571 1242 651 1269 vos
684 1227 817 1280 latet,
858 1227 933 1269 RQ*
969 1227 1074 1280 PP„
1108 1230 1304 1282 quantae
1337 1226 1450 1268 mihi
1483 1226 1793 1283 difficultates,
1827 1243 1927 1270 cum
1959 1244 2030 1272 vr-

295 1314 446 1354 gerem
479 1298 681 1340 ordinem
713 1297 969 1339 studiorum
1001 1296 1177 1352 integre
1210 1297 1554 1351 obseruandum,
1587 1297 1758 1340 fuerint
1788 1298 1836 1340 in
1867 1299 2030 1342 vestris

295 1369 508 1426 Collegijs
539 1369 754 1422 obiectae,
787 1368 950 1424 quibus
988 1369 1073 1410 etsi
1104 1368 1283 1422 mederi,
1317 1372 1361 1410 et
1400 1383 1630 1410 occurrere
1665 1384 1757 1411 non
1788 1371 2028 1426 potuerim,

294 1455 383 1483 non
416 1445 571 1482 tamen
604 1445 839 1497 propterea
872 1455 944 1482 eas
977 1441 1134 1494 abieci,
1169 1439 1245 1482 sed
1277 1439 1520 1495 diligenter
1551 1440 1762 1482 collectas
1793 1440 1897 1483 dedi
1928 1442 2026 1497 qui-

294 1512 484 1554 busdam
516 1511 751 1566 Patribus,
790 1527 815 1554 a
853 1527 922 1552 me
955 1511 1012 1553 ad
1043 1511 1129 1553 hoc
1161 1512 1402 1567 deputatis,
1437 1511 1773 1566 examinandas,
1807 1517 1851 1554 et
1881 1512 1930 1554 in
1961 1528 2028 1555 or-

294 1583 443 1625 dinem
476 1583 759 1638 redigendas,
791 1583 912 1638 quod
945 1581 1149 1625 fecerunt
1180 1587 1397 1626 accurate.
1457 1583 1706 1638 Postquam
1738 1598 1843 1639 ergo
1876 1584 2028 1626 omnia

294 1654 435 1696 habui
484 1654 682 1709 digesta,
724 1654 827 1696 misi
865 1653 911 1695 in
944 1654 1113 1697 Vrbem
1152 1654 1209 1695 ad
1249 1657 1460 1695 nostrum
1491 1654 1693 1708 Patrem,
1726 1653 1863 1696 Anno
1900 1658 2025 1700 1602·

292 1742 417 1781 quae,
452 1731 502 1769 vt
533 1725 713 1779 videtis,
746 1740 838 1767 non
869 1731 935 1767 est
967 1730 1231 1782 aspernatus
1264 1726 1318 1767 R.
1353 1726 1403 1767 P.
1428 1725 1677 1781 Generalis,
1711 1725 1787 1767 sed
1819 1741 1897 1783 per
1919 1728 2026 1768 Pro-

292 1803 543 1839 curatorem
581 1802 808 1850 nostrum,
853 1798 901 1838 P.
945 1797 1172 1839 Othonem
1214 1796 1443 1850 [Ottonem
1476 1796 1750 1852 Eisenreich]
1792 1797 1918 1839 misit
1960 1813 2026 1839 re-

291 1884 466 1924 sponsa,
498 1883 610 1924 quae
645 1883 745 1910 cum
778 1868 847 1910 his
880 1868 1125 1925 accipietis.
1178 1867 1293 1909 Cum
1321 1882 1428 1923 ergo
1461 1871 1634 1909 constet
1665 1868 1756 1910 iam
1790 1868 1843 1910 de
1877 1873 2024 1910 mente

292 1941 349 1984 Ni.
387 1940 550 1994 Patris,
575 1940 745 1984 RR²“.'¹'¹¹
779 1940 949 1983 VV²¹¹J¹¹¹³
983 1940 1068 1981 erit
1085 1938 1195 1980 haec
1218 1938 1369 1980 omnia
1390 1938 1507 1980 libro
1530 1938 1745 1994 deputato
1767 1939 2022 1995 inscribere,

291 2016 335 2052 et
374 2011 616 2066 diligenter
664 2011 914 2053 obseruare.
978 2012 1103 2052 Haec
1140 2010 1267 2052 volui
1300 2010 1415 2053 VV⁵.S
1454 2010 1584 2054 RRijs
1610 2010 1882 2066 significare,
1916 2026 2025 2067 qua-

289 2098 387 2124 rum
420 2082 627 2139 precibus
660 2088 704 2123 et
721 2082 800 2124 SS.
821 2082 1063 2124 Sacrificiis
1095 2097 1165 2123 me
1196 2081 1328 2124 valde
1360 2081 1636 2123 commendo.
1689 2081 2020 2138 Landspergae.

294 2156 358 2197 15.
397 2153 523 2195 Febr.
561 2157 684 2197 1604.
720 2181 771 2184 —
809 2179 863 2184 —-
898 2154 999 2197 RR.
1033 2153 1133 2196 VV.
1167 2179 1222 2183 ——
1255 2167 1409 2194 servus
1441 2152 1490 2194 in
1522 2153 1719 2194 Domino
1756 2179 1806 2183 —

1082 2236 1311 2291 Gregorus
1343 2236 1578 2278 Roseffius.
1612 2236 1959 2292 [Provincialis.]

1049 2441 1173 2482 Nro.
1196 2440 1263 2481 18.

429 2558 484 2606 V.
552 2560 641 2608 Die
683 2564 760 2608 13.
805 2560 1159 2609 oberdeutsche
1199 2558 1873 2622 Provinzial-Kongregation

904 2656 1034 2706 (1603
1068 2669 1123 2695 zu
1155 2651 1401 2705 Miinchen)

780 2739 900 2787 iiber
940 2739 1017 2787 die
1056 2738 1197 2786 Ratio
1238 2735 1524 2784 studiorum.

433 2866 603 2920 „Quam
637 2867 895 2922 probandus
922 2872 989 2908 est
1022 2870 1209 2908 conatus
1238 2865 1297 2907 Ri
1320 2865 1370 2905 P.
1395 2864 1450 2905 N.
1475 2878 1526 2906 ac
1548 2865 1760 2919 studium,
1786 2872 1839 2909 vt
1868 2867 2017 2909 studia

288 2935 335 2976 in
370 2936 594 2978 Societate
627 2942 743 2978 recte
768 2953 818 2979 ao
838 2938 1065 2980 fructuose
1090 2941 1313 2989 curentur,
1346 2934 1482 2976 misso
1515 2934 1652 2977 etiam
1685 2938 1742 2979 ad
1772 2953 1853 2980 nos
1875 2954 2017 2997 nuper

287 3007 532 3049 Uisitatore
565 3023 696 3063 super
722 3008 897 3050 ratione
919 3009 1184 3061 studiorum,
1216 3011 1313 3048 tam
1331 3019 1489 3051 revera
1511 3020 1669 3062 parum
1700 3024 1768 3050 res
1799 3011 2015 3066 procedit,

286 3084 337 3118 vt
357 3082 546 3133 cogatur
567 3078 898 3134 quodammodo
923 3080 1166 3122 Prouincia
1198 3082 1258 3123 R‘l
1293 3083 1343 3123 P.
1378 3084 1432 3126 N.
1466 3077 1728 3134 Supplicare‚
1761 3085 1812 3121 vt
1843 3081 2015 3138 aliquid
