2143 3462
253 1487 270 1510 p
297 1480 354 1504 193.

387 202 469 245 138
559 212 669 246 Ratio
696 213 900 248 studiorum
927 216 966 248 et
991 213 1240 249 institutiones
1267 213 1508 250 scholasticae
1533 213 1727 250 Societatis
1753 214 1840 251 Jesu
1865 215 1903 250 11

381 331 627 374 secundum
676 333 916 375 Doctorem
964 333 1158 389 aliquem
1204 338 1458 387 externum,
1510 332 1693 375 tertium
1743 338 1823 376 aut
1873 334 2068 390 aliquem

381 401 652 458 Theologiae
683 403 934 445 studiosum
965 419 1057 445 non
1095 404 1330 446 mediocris
1367 402 1554 459 ingenij,
1595 407 1674 446 aut
1704 404 1840 446 etiam
1872 404 2067 460 aliquem

380 487 433 514 ex
450 472 745 515 Defendentis
765 474 1097 530 condiscipulis,
1119 475 1352 530 egregium
1373 478 1536 529 tamen;
1571 489 1672 516 cum
1696 475 1815 517 enim
1838 475 1951 517 bene
1971 491 2068 532 per-

381 543 543 585 calleat
573 544 867 586 fundamenta
899 545 1130 586 doctrinae
1161 546 1469 603 Praeceptoris
1501 545 1584 600 sui,
1617 545 1764 588 acrius
1794 546 1989 602 vrgebit,
2021 550 2067 589 et

379 614 497 656 inter
527 615 645 671 ipsos
678 615 1006 672 condiscipulos
1037 615 1345 658 vehementior
1376 615 1616 658 aemulatio
1638 631 1731 659 non
1751 631 1911 673 parum
1933 620 2070 673 auget

379 689 514 741 atque
546 686 713 728 excitat
752 687 955 728 ardorem
996 686 1331 743 disputationis.
1393 687 1454 729 Et
1492 686 1706 743 quoniam
1743 687 1903 730 horum
1941 691 2068 730 actus

378 761 553 812 oportet
583 772 674 799 esse
705 757 980 812 celebriores,
1012 757 1224 799 interesse
1257 758 1584 815 compellantur
1615 773 1707 799 non
1740 758 1884 800 solum
1915 757 2070 800 Philo-

377 827 506 883 sophi
539 842 704 882 omnes,
737 832 830 869 tam
863 828 1092 870 auditores
1130 843 1266 884 quam
1296 829 1585 884 ProfessoreS,
1618 829 1693 871 sed
1724 829 1861 871 etiam
1881 828 2069 872 Theolo-

378 898 478 953 giae
519 898 727 952 studiosi,
771 904 824 941 vt
867 898 1081 941 refricent
1126 900 1388 942 memoriam
1427 914 1575 942 rerum
1620 899 1984 957 praeteritarum,
2026 903 2071 942 et

377 968 724 1024 frequentiorem
772 969 970 1012 efficiant
1018 974 1307 1013 conuentum:
1357 971 1567 1013 intersint
1613 971 1750 1013 etiam
1791 970 2068 1014 Professores

378 1039 663 1095 Theologiae,
696 1044 740 1082 et
774 1055 926 1082 omnes
958 1041 1153 1097 quidem,
1185 1057 1287 1084 cum
1318 1046 1443 1084 actus
1475 1042 1639 1099 aliquis
1668 1041 1853 1084 caeteris
1881 1045 1951 1084 est
1977 1056 2069 1084 ma-

377 1109 685 1164 gnificentior:
718 1110 767 1152 in
787 1111 886 1168 alijs
908 1127 1014 1155 vero
1034 1113 1307 1169 alternatim,
1339 1117 1391 1157 vt
1422 1113 1511 1155 duo
1542 1113 1632 1155 fere
1652 1127 1885 1170 nunquam
1906 1111 2068 1161 desint,

378 1180 455 1235 qui
474 1181 715 1236 laudando,
739 1182 966 1238 instando,
989 1184 1309 1240 interrogando
1330 1184 1505 1241 aliaque
1521 1184 1781 1227 huiusmodi
1800 1182 2068 1241 praestando

377 1251 640 1294 alacriorem
672 1268 723 1295 ac
755 1254 1054 1297 solenniorem
1086 1256 1280 1298 reddant
1312 1255 1679 1313 disputationem.

519 1326 585 1367 18.
621 1324 824 1367 Caueant
863 1326 1151 1384 Philosophi,
1191 1341 1247 1369 ne
1285 1327 1562 1384 amplificent
1608 1341 1724 1382 quae
1771 1323 2068 1384 percurrenda

375 1397 495 1448 sunt,
518 1395 590 1437 vel
610 1409 678 1437 res
700 1395 972 1439 difficiliores
996 1413 1047 1440 ac
1066 1398 1329 1455 praecipuas
1350 1398 1670 1455 perstringant,
1693 1397 1766 1440 vel
1788 1396 2068 1453 quaestiones

375 1464 464 1507 alio
482 1469 795 1524 transponant,
815 1483 950 1524 quam
979 1471 983 1525 1
1012 1473 1199 1526 oportet.
1217 1496 1271 1501 —
1285 1470 1444 1525 Itaque
1459 1469 1509 1511 in
1524 1468 1859 1524 Prolegomenis
1876 1467 2070 1523 Logicae

374 1535 606 1592 disputent
638 1542 831 1592 tantum,
863 1539 937 1581 An
969 1541 1029 1582 sit
1059 1541 1257 1597 scientia,
1290 1545 1334 1583 et
1365 1541 1419 1583 de
1442 1554 1529 1598 quo
1551 1539 1770 1582 subiecto:
1802 1543 1900 1581 tum
1920 1554 2063 1596 pauca

374 1607 427 1649 de
460 1608 676 1651 Secundis
705 1610 1050 1653 intentionibus.
1113 1611 1453 1668 Disputationes
1484 1611 1821 1655 Vniuersalium
1852 1610 2063 1654 differant

372 1678 421 1720 in
450 1679 823 1738 Metaphysicam,
856 1683 1055 1724 contenti
1086 1683 1310 1725 tironibus
1341 1682 1516 1725 tradere
1535 1697 1688 1725 earum
1704 1682 2062 1740 disputationum

373 1750 527 1792 breues
560 1751 845 1795 definitiones
876 1754 958 1796 sub
990 1754 1300 1810 interrogandi
1321 1753 1650 1810 dubitandique
1671 1753 1941 1796 charactere.
1994 1753 2061 1796 De

372 1821 753 1865 Praedicamentis
784 1824 922 1866 etiam
944 1824 1151 1867 faciliora
1172 1824 1405 1881 quaedam,
1441 1840 1555 1881 quae
1575 1824 1667 1867 fere
1689 1824 1980 1881 attinguntur
2004 1824 2060 1867 ab

368 1891 627 1947 Aristotele,
675 1894 920 1950 explicent,
969 1900 1140 1938 caetera
1186 1896 1498 1953 Metaphysico
1541 1895 1811 1952 relinquant.
1873 1895 2062 1938 Librum

368 1963 613 2005 secundum
646 1965 866 2007 Periher.¹
897 1970 941 2008 et
961 1967 1115 2009 ambos
1134 1967 1272 2010 libros
1294 1967 1539 2022 Priorum2,
1570 1971 1745 2024 praeter
1764 1966 1899 2024 primi
1916 1966 2061 2023 prima

370 2034 519 2091 capita
559 2038 584 2079 8
623 2036 694 2078 vel
727 2039 766 2091 9,
817 2038 1082 2095 compendio
1134 2042 1415 2095 percurrant:
1467 2042 1696 2095 exponant
1734 2042 1887 2080 tamen
1927 2052 2061 2093 quae-

366 2105 534 2147 stiones
564 2106 655 2148 illis
687 2108 904 2165 propriaS,
942 2109 1198 2152 breuissime
1229 2124 1336 2153 Vero
1356 2125 1466 2166 eam,
1485 2124 1598 2166 quae
1619 2114 1686 2151 est
1709 2109 1762 2152 de
1782 2109 2061 2165 Contingen-

367 2175 513 2231 tibus,
560 2182 606 2219 et
643 2178 758 2220 nihil
805 2179 854 2221 in
900 2195 950 2223 ea
991 2180 1044 2223 de
1083 2181 1244 2223 Libero
1290 2181 1490 2224 arbitrio.
1553 2181 1822 2237 Topicorum
1869 2194 2060 2236 quoque,

367 2252 544 2303 praeter
574 2249 769 2305 primum
801 2250 917 2293 forte
949 2257 992 2293 et
1024 2252 1267 2295 secundum
1299 2253 1479 2308 librum,
1512 2256 1555 2294 et
1576 2250 1876 2294 Elenchorum
1908 2254 2059 2293 textus

366 2320 711 2374 praetereundus
731 2326 812 2362 est:
832 2322 943 2364 Loci
958 2327 1112 2365 tamen
1128 2327 1172 2365 et
1184 2322 1389 2366 fallaciae
1407 2324 1456 2364 in
1473 2322 1819 2366 commodiorem
1834 2321 2058 2378 quendam

368 2388 571 2431 ordinem
604 2391 883 2447 redigantur,
916 2408 971 2435 ne
1004 2409 1029 2436 a
1051 2394 1233 2450 Logicis
1265 2396 1543 2450 ignorentur.
1596 2394 1651 2435 In
1672 2397 1772 2435 octo
1794 2393 1921 2435 libris
1943 2392 2063 2450 Phy-

367 2458 559 2502 sicorum
577 2463 840 2518 compendio
862 2464 1099 2506 tradantur
1119 2469 1269 2507 textus
1288 2465 1505 2507 librorum
1522 2464 1637 2506 sexti
1653 2468 1697 2506 et
1712 2463 1904 2521 septimi,
1927 2464 2063 2507 etiam

367 2529 500 2586 primi
531 2532 578 2573 in
610 2548 660 2574 ea
681 2539 822 2590 parte,
855 2549 968 2591 quae
991 2540 1057 2577 est
1078 2536 1131 2578 de
1151 2536 1454 2592 Antiquorum
1476 2535 1774 2592 opinionibus.
1824 2536 1880 2577 In
1902 2539 2061 2578 octauo

366 2599 481 2643 libro
504 2602 800 2658 Physicorum
832 2606 947 2648 nihil
980 2606 1222 2649 disseratur
1243 2607 1296 2649 de
1316 2620 1501 2649 numero
1522 2607 1947 2663 Intelligentiarum,
1977 2622 2061 2650 nec

367 2671 422 2713 de
453 2672 633 2715 infinita
664 2675 834 2717 virtute
867 2680 911 2718 et
943 2677 1153 2719 libertate
1185 2678 1319 2735 primi
1350 2678 1561 2733 Motoris,
1594 2678 1672 2721 sed
1702 2678 1811 2721 haec
1841 2679 1890 2721 in
1919 2679 2060 2721 Meta-

366 2742 567 2799 physicis
601 2744 901 2802 disputentur,
935 2752 979 2789 et
1001 2748 1184 2803 quidem
1215 2749 1359 2790 solum
1391 2749 1445 2790 de
1466 2753 1618 2791 mente
1640 2749 1919 2792 Aristotelis:
1952 2765 2060 2792 nam.

368 2813 614 2856 secundum
636 2816 871 2858 veritatem
893 2819 1155 2874 simpliciter
1175 2819 1407 2876 pertinent
1427 2819 1484 2862 ad
1506 2820 1797 2877 Theologum,
1831 2821 1903 2863 cui
1923 2820 2057 2864 etiam

367 2884 647 2941 relinquatur
678 2891 776 2928 tota
809 2889 1011 2943 quaestio
1043 2889 1111 2931 De
1143 2903 1361 2932 concursu
1391 2891 1477 2933 Dei
1523 2906 1624 2934 cum
1661 2891 1868 2934 secundis
1899 2892 2056 2947 causis,

367 2970 468 2997 eum
501 2960 652 2998 tamen
683 2957 947 3015 Philosophi
978 2965 1246 3017 supponant.
1296 2962 1463 3005 Textus
1486 2962 1695 3018 Secundi,
1721 2962 1874 3020 Tertij‚
1896 2962 2057 3013 Quarti

518 3041 533 3066 ¹
563 3041 666 3097 Περὶ
698 3040 929 3098 ἑρμηνείας.

516 3099 532 3125 ²
562 3097 823 3141 Ἀναλυτικὰ
853 3099 1050 3160 πρότερα.
