2084 3441
260 163 317 206 28
451 172 561 208 Ratio
588 174 787 209 studiorum
815 177 853 209 et
877 174 1132 209 institutiones
1159 174 1398 210 scholasticae
1424 173 1620 210 Societatis
1646 175 1737 212 Jesu
1762 176 1800 211 II

258 293 486 334 veteranis
512 292 607 348 jam
639 293 820 335 defessis
851 298 1027 350 oportet
1057 293 1306 335 identidem
1338 293 1601 349 subrogare:
1643 297 1825 339 tametsi
1863 297 1947 339 hoc

259 364 481 405 cautionis
512 379 653 420 genus
684 379 740 406 ne
771 365 998 406 veteranis
1029 363 1209 419 quidem
1250 363 1512 405 obfuturum
1551 364 1621 417 sit,
1663 381 1764 408 cum
1806 368 1948 424 possit

258 434 486 477 interdum
519 436 674 477 multis
713 436 805 477 iam
843 435 972 477 annis
1012 434 1278 476 confirmata
1318 435 1539 476 autoritas
1578 435 1773 491 aliquem
1811 438 1948 480 auda-

258 505 422 547 ciorem
463 506 643 548 reddere
691 516 734 547 et
774 506 831 548 ad
868 520 936 547 res
967 520 1108 548 nouas
1153 505 1486 561 promptiorem.
1566 506 1651 547 His
1696 506 1848 563 itaque
1894 508 1948 551 de

259 577 402 618 causis
434 592 607 634 semper
628 578 775 619 visum
810 582 876 619 est
909 576 1130 633 optimum
1162 575 1301 630 factu,
1335 576 1373 617 si
1405 580 1500 618 tam
1523 576 1714 618 docendi
1735 578 1945 635 varietas,

259 662 393 702 quam
431 649 648 704 opinandi
685 649 867 690 libertas
900 648 1030 690 certis
1063 647 1239 702 legibus
1276 647 1538 690 vinciretur.
1595 647 1648 689 Id
1688 649 1809 703 quod
1847 665 1948 692 cum

257 718 487 774 hucusque
519 720 678 761 confici
710 720 939 761 commode
970 733 1062 760 non
1081 719 1315 774 potuisset,
1348 719 1534 760 tandem
1553 719 1795 761 admodum
1818 721 1873 762 R.
1895 721 1947 763 P.

257 790 545 846 Praepositus
578 791 811 832 Generalis
845 790 1061 832 Claudius
1093 791 1346 845 Aquauiua,
1386 793 1626 846 postquam
1657 790 1814 846 primis
1845 806 1950 834 suae

258 861 662 903 administrationis
695 862 824 903 annis
862 862 910 903 in
944 861 1315 915 Oonstitutiones,
1357 861 1557 903 omnium
1597 861 1846 904 officiorum
1885 877 1950 904 re-

258 933 401 986 gulas,
448 933 864 987 Congregationum
896 947 1090 975 canones
1121 936 1165 974 et
1196 932 1437 989 priuilegia
1470 932 1712 974 Societatis
1743 934 1950 976 emenda-

256 1003 425 1044 tissime
456 1003 626 1045 edenda
654 1004 894 1058 diligenter
916 1003 1139 1057 incubuit,
1173 1018 1291 1045 anno
1323 1003 1478 1046 eodem
1501 1006 1626 1047 1584.
1660 1004 1823 1046 adiecit
1855 1005 1949 1046 ani-

257 1090 381 1116 mum
415 1075 470 1116 ad
502 1075 754 1117 studiorum
785 1075 1008 1116 rationem
1038 1075 1227 1116 firmiter
1260 1079 1394 1130 atque
1425 1075 1599 1116 utiliter
1629 1075 1948 1117 constabilien-

256 1145 383 1187 dam:
408 1161 547 1201 eaque
571 1146 624 1187 de
645 1161 778 1189 causa
799 1161 854 1187 ex
882 1146 1245 1187 disiunctissimis
1269 1146 1508 1189 Societatis
1535 1145 1781 1202 prouinciis
1801 1149 1951 1202 patres

256 1216 507 1272 Theologos
539 1232 616 1259 sex
647 1217 704 1259 ad
735 1217 783 1258 id
825 1217 970 1273 operis
1014 1217 1294 1273 deputandos
1327 1217 1546 1259 euocauit.
1624 1217 1696 1258 Ex
1727 1216 1951 1273 Hispania

257 1288 383 1329 venit
423 1289 472 1329 P.
501 1289 700 1330 Joannes
738 1288 870 1341 Azor,
921 1304 974 1330 ex
1011 1288 1253 1330 Lusitania
1297 1289 1347 1330 P.
1389 1289 1564 1344 Gaspar
1604 1288 1839 1342 Gonzales,
1895 1303 1949 1329 ex

260 1359 411 1400 Gallia
442 1360 493 1400 P.
514 1361 545 1402 J
548 1360 712 1402 acobus
742 1359 906 1414 Tirius,
940 1375 995 1401 ex
1025 1360 1212 1402 Austria
1242 1361 1293 1401 P.
1316 1360 1476 1401 Petrus
1508 1360 1722 1413 Busaeus,
1755 1374 1809 1400 ex
1842 1359 1951 1401 Ger-

256 1431 407 1472 mania
453 1432 679 1488 superiore
722 1432 772 1473 P.
805 1431 1035 1473 Antonius
1081 1431 1322 1485 Guisanus,
1369 1431 1542 1472 Romae
1586 1429 1950 1472 commorabatur

212 1534 237 1544 ..
259 1501 308 1542 P.
334 1501 591 1558 Stephanus
623 1503 826 1557 Tuccius,
868 1517 1019 1544 omnes
1057 1501 1521 1544 administrandarum
1549 1503 1554 1554 1
1583 1501 1836 1543 scholarum
1867 1516 1952 1544 vsu

257 1572 463 1628 praediti,
511 1578 555 1615 et
593 1575 642 1615 in
685 1575 892 1616 omnibus
933 1590 1046 1631 pene
1084 1574 1380 1616 facultatibus
1411 1572 1593 1626 versati,
1641 1572 1773 1627 gnari
1812 1572 1950 1614 etiam

258 1642 428 1698 singuli
460 1659 608 1686 rerum
639 1646 898 1701 prouinciae
930 1661 1046 1699 suae,
1073 1650 1138 1699 ut,
1160 1645 1390 1687 variarum
1422 1644 1630 1700 gentium
1662 1643 1828 1685 auditis
1860 1644 1950 1686 col-

258 1714 451 1770 latisque
499 1716 699 1758 moribus
747 1733 798 1759 ac
842 1717 1017 1773 studijs,
1066 1716 1114 1758 id
1153 1716 1381 1758 communi
1429 1715 1617 1757 consilio
1665 1718 1952 1768 statueretur,

259 1785 379 1840 quod
410 1786 534 1841 locis,
568 1787 716 1842 quoad
748 1788 842 1829 eius
874 1788 972 1829 fieri
1002 1792 1164 1844 posset,
1197 1792 1462 1842 congrueret
1493 1786 1728 1828 vniuersiS.
1791 1786 1951 1841 Itaque

257 1862 382 1898 sexto
423 1857 530 1899 Idus
568 1858 842 1912 Decembris,
884 1859 962 1914 qui
1005 1858 1321 1915 Conceptionis
1361 1858 1582 1914 Deiparae
1614 1856 1820 1912 Virginis
1857 1857 1951 1899 dies

257 1933 338 1980 est,
371 1944 448 1984 per
479 1930 534 1970 R.
557 1930 608 1971 P.
643 1930 908 1972 Generalem
941 1930 994 1972 ad
1029 1930 1313 1973 Sanctissimi
1344 1929 1529 1971 Domini
1567 1928 1711 1969 nostri
1743 1928 1952 1983 Gregorii

261 1998 426 2055 [XIIH
450 2000 583 2055 pedes
606 2001 873 2043 osculandos
903 2001 1085 2043 deducti
1108 2005 1227 2054 sunt,
1260 2006 1313 2042 ut
1343 2000 1574 2057 auspicato
1597 1999 1832 2054 negotium
1854 2003 1951 2040 tam

259 2084 491 2125 operosum
525 2071 799 2114 inchoarent.
862 2072 984 2113 Bene
1015 2076 1224 2128 precatus
1245 2071 1472 2126 Pontifex,
1507 2072 1881 2126 sedulitatemque
1900 2085 1951 2112 ac

259 2141 533 2182 celeritatem
575 2142 696 2198 operi
738 2143 848 2184 adeo
891 2143 1078 2185 salutari
1109 2147 1161 2186 vt
1203 2143 1484 2197 adhiberent,
1526 2142 1639 2184 serio
1682 2146 1749 2183 est
1792 2141 1951 2183 adhor-

257 2216 392 2254 tatus.
454 2213 610 2268 Neque
641 2229 747 2255 Vero
779 2214 993 2256 Pontifex
1031 2215 1258 2256 Maximus
1297 2215 1455 2268 solum,
1496 2214 1572 2255 sed
1611 2217 1656 2255 et
1690 2212 1951 2256 Cardinales

258 2284 467 2324 nonnulli
499 2284 707 2326 doctrina
739 2289 784 2326 et
815 2286 1059 2327 autoritate
1090 2285 1334 2342 praecipui,
1375 2300 1485 2341 quos
1525 2289 1680 2327 tantae
1716 2284 1781 2325 rei
1821 2283 1951 2325 certi-

259 2368 354 2395 ores
386 2354 529 2396 facere
562 2357 772 2412 oportuit,
805 2357 1063 2399 institutam
1094 2357 1212 2398 hanc
1248 2372 1273 2398 a
1300 2357 1462 2398 Reuer.
1494 2357 1544 2397 P.
1570 2354 1782 2398 Generali
1822 2354 1952 2409 quasi

259 2439 538 2467 communem
592 2427 842 2469 studiorum
891 2428 1256 2469 reformationem
1308 2426 1698 2469 vehementissime
1750 2439 1951 2481 compro-

258 2496 436 2537 barunt.
520 2498 812 2540 Doniicilium
858 2503 1242 2556 peropportunum
1290 2503 1334 2540 et
1381 2498 1678 2551 commodum,
1731 2496 1950 2552 hybernis

258 2567 437 2621 quidem
477 2582 552 2608 sex
591 2569 819 2610 mensibus
860 2571 908 2611 in
947 2570 1296 2626 poenitentiaria
1329 2569 1372 2611 S.
1403 2569 1540 2623 Petri,
1580 2568 1762 2610 aestiuis
1799 2570 1950 2609 autem

259 2637 483 2678 caloribus
514 2653 591 2694 per
614 2639 841 2681 trimestre
862 2642 1060 2697 spatium
1079 2642 1128 2683 in
1151 2641 1377 2692 Quirinali
1398 2644 1550 2681 monte
1576 2640 1633 2681 ad
1654 2639 1698 2680 S.
1720 2637 1951 2680 Andream

257 2708 348 2749 illis
371 2713 436 2749 est
459 2710 742 2752 attributum.
806 2713 956 2754 Horae
977 2717 1132 2754 ternae
1153 2712 1309 2754 diebus
1328 2711 1520 2766 singulis
1546 2711 1595 2752 in
1621 2709 1950 2752 consultatione

257 2779 559 2835 ponebantur;
598 2783 811 2838 temporis
848 2783 1073 2838 reliquum
1103 2783 1305 2839 legendis
1336 2781 1614 2824 Doctoribus
1652 2785 1696 2823 et
1727 2793 1950 2821 commen-

258 2849 399 2906 tarijs‚
464 2866 574 2906 quos
635 2852 778 2908 aliqui
828 2869 967 2896 manu
1015 2854 1204 2911 scriptos
1265 2869 1319 2896 ex
1378 2852 1625 2909 prouincijs
1686 2850 1947 2904 attulerant,

258 2921 591 2965 traducebatur.

401 2994 499 3035 Iam
538 3009 643 3036 vero
682 2996 942 3037 Vniuersum
977 2995 1063 3037 hoc
1101 3010 1211 3052 opus
1249 2995 1338 3037 duo
1375 2994 1424 3036 in
1463 2994 1613 3051 capita
1652 2992 1948 3035 distributum

260 3062 363 3107 suit.
425 3065 481 3107 In
512 3079 603 3108 vno
635 3065 689 3109 de
721 3066 993 3109 securiorum
1025 3066 1290 3123 opinionum
1322 3065 1496 3108 delectu
1534 3080 1585 3108 ac
1627 3077 1812 3108 censura
1849 3061 1946 3118 agi-
