2153 3467
65 460 120 492 Qui
141 459 327 483 admittendi.

147 1100 312 1123 Academici

186 1136 292 1165 quales.

141 1314 158 1336 Α
169 1312 313 1336 cademiae

140 1348 314 1372 moderator.

147 1491 314 1522 Quotuplex

141 1528 295 1550 Academia

103 1848 266 1872 Assidnitas
287 1851 313 1871 vt

121 1885 227 1908 exem-'11
237 1885 302 1908 mu.

132 2206 330 2236 Magistratus.

221 2634 332 2658 Rectus.

349 188 435 231 462
539 197 649 232 Ratio
677 196 879 232 studiorum
907 200 944 231 et
970 195 1226 231 institutiones
1253 195 1495 231 scholasticae
1523 196 1724 233 Societatis
1750 198 1840 234 Jesu
1865 199 1903 233 II

349 316 427 372 qui
459 316 611 371 aliquo
643 329 696 356 ex
729 315 894 356 nostris
915 315 1162 368 Praefecto,
1197 313 1492 369 conveniunt,
1525 319 1577 356 ut
1596 315 1842 371 peculiares
1861 317 2079 372 quasdam

348 386 547 428 habeant
579 385 920 427 exercitationes
954 385 1008 426 ad
1041 385 1192 426 studia
1223 384 1509 440 pertinentes.

488 456 533 503 2.
596 457 696 498 Hoc
728 472 780 498 ex
814 471 999 498 numero
1042 456 1214 509 omnes}
1375 454 1418 501 2.
1480 456 1581 498 Hoc
1609 471 1661 498 ex
1683 471 1870 499 numero
1901 472 2081 500 censen-

346 532 604 581 censentur,
642 527 719 583 qui
758 532 864 568 sunt
904 542 956 567 ex
1000 511 1307 583 congre-{tur
1323 525 1538 580 religiosi,
1560 526 1596 568 si
1617 527 1693 582 qui
1711 532 1890 569 nostras
1907 528 2080 571 scholas

344 599 530 654 gatione
552 598 604 641 B.
629 598 837 653 Virginis
867 613 917 638 eo
942 598 1050 654 ipso,
1075 597 1194 652 quod
1213 589 1215 632 !
1233 596 1542 652 frequentant,
1576 612 1629 639 ex
1664 598 1763 639 aliis
1788 613 1896 641 vero
1916 600 1964 641 in
1984 615 2081 642 aca-

344 671 392 711 111
426 670 550 711 illam
572 669 865 726 recipiuntur,
898 672 941 709 et
961 668 1195 723 Religiosi,
1214 647 1217 708 1
1234 667 1427 710 demiam
1445 683 1576 710 nemo
1595 668 1877 724 admittatur,
1898 670 1985 712 nisi
2004 671 2082 726 qui

346 743 383 783 si
404 742 482 797 qui
504 745 683 783 nostras
701 740 876 781 scholas
894 738 1196 795 frequentant.
1213 722 1217 755 ¹
1233 744 1435 796 receptus
1482 741 1541 781 sit
1585 741 1633 782 in
1685 742 2082 796 congregationem

1214 773 1287 880 ἐΒ.
1321 810 1540 865 Virginis.

346 885 596 937 Caeterum,
629 883 706 924 ubi
748 897 844 923 mos
874 883 1044 937 tulerit,
1090 886 1134 922 et
1154 881 1338 924 Rectori
1369 881 1592 937 videatur,
1632 882 1711 924 alii
1740 883 1876 924 etiam
1899 883 2083 925 admitti

346 961 572 1012 poterunt,
606 955 682 1010 qui
715 968 768 995 ex
803 952 1180 1009 Congregatione,
1215 956 1348 1008 atque.
1381 951 1490 993 adeo
1524 953 1601 1008 qui
1635 968 1689 994 ex
1721 954 1887 996 nostris
1909 953 2083 996 schola-

349 1027 471 1068 sticis
497 1041 588 1067 non
620 1030 739 1067 sunt.

491 1097 535 1143 3.
600 1095 894 1138 Academicos
938 1094 1185 1135 christiana
1223 1094 1394 1137 Virtute
1435 1110 1485 1136 ac
1525 1094 1716 1151 pietate,
1756 1096 1997 1151 diligentia
2036 1097 2084 1138 in

350 1169 510 1210 studiis
544 1173 587 1209 et
618 1167 871 1209 scholarum
904 1165 1082 1221 legibus
1113 1165 1345 1208 servandis
1384 1166 1570 1207 caeteris
1608 1166 1816 1208 omnibus
1854 1167 2086 1224 discipulis

348 1245 573 1296 praestare
605 1244 649 1280 et
681 1237 886 1293 exemplo
919 1251 1011 1277 esse
1044 1239 1234 1292 oportet.

494 1310 540 1356 4.
604 1308 795 1364 Collegii
827 1308 997 1350 Reotor
1027 1307 1359 1349 Moderatorem
1392 1307 1462 1349 vel
1505 1321 1559 1348 ex
1598 1307 1706 1364 ipsis
1738 1308 1972 1364 Magistris
2013 1308 2085 1351 vel

351 1396 405 1422 ex
438 1380 539 1423 aliis
570 1380 736 1422 nostris
774 1379 986 1421 idoneum
1026 1379 1223 1433 aliquem
1261 1378 1504 1434 unicuique
1537 1378 1807 1421 Academiae
1845 1379 2084 1436 praeficiet.

494 1503 538 1533 ι).
601 1488 656 1529 In
697 1501 833 1528 unam
866 1485 1159 1528 Academiam
1200 1484 1421 1540 Theologi
1463 1489 1506 1526 et
1546 1485 1811 1541 Philosophi
1848 1485 1940 1528 fere
1980 1500 2084 1527 con—

350 1560 505 1603 venire
537 1563 774 1616 poterunt,
822 1557 870 1599 in
917 1557 1106 1598 alteram
1139 1555 1359 1597 Rhetores
1398 1559 1442 1596 et
1472 1557 1791 1611 Humanistae,
1823 1557 1871 1599 in
1904 1558 2086 1599 tertiam

353 1647 506 1674 omnes
539 1630 839 1686 grammatici,
871 1628 909 1669 si
940 1643 1022 1669 nec
1054 1627 1190 1668 nimis
1224 1627 1355 1668 multi
1387 1632 1507 1682 sunt,
1539 1643 1621 1669 nec
1653 1628 1719 1670 ita
1739 1628 1944 1670 doctrina
1966 1630 2088 1670 inae-

353 1705 519 1760 quales,
542 1708 594 1745 ut
615 1702 794 1745 eaedem
812 1700 1158 1742 exercitationes
1174 1698 1382 1739 omnibus
1399 1698 1656 1740 fructuosae
1673 1714 1765 1741 esse.
1779 1715 1870 1741 non
1890 1700 2084 1757 possint;

352 1776 555 1831 alioquin
588 1774 780 1828 singulis
811 1771 977 1813 scholis
1010 1785 1111 1812 suas
1142 1769 1411 1811 Academias
1442 1769 1605 1811 habere
1638 1770 1783 1812 liceat.

493 1847 538 1892 6.
601 1845 883 1888 Assiduitate
903 1841 1275 1885 Academicorum
1308 1846 1352 1881 et
1379 1841 1753 1883 exercitationum
1774 1841 1948 1885 fervore
1969 1842 2085 1884 Aca-

351 1918 522 1959 demiae
553 1918 726 1959 fructus
758 1917 953 1958 maxime
986 1914 1288 1955 continentur.
1336 1912 1483 1961 Quare
1504 1912 1540 1952 si
1562 1912 1638 1967 qui
1671 1913 1849 1969 saepius
1880 1914 2085 1955 abessent

351 1994 430 2030 aut
461 1988 809 2030 exercitationes
840 2001 917 2043 per
949 1986 1070 2028 vices
1109 1984 1232 2026 obire
1264 1987 1542 2036 recusarent,
1574 1983 1837 2039 praesertim
1868 1998 1974 2026 vero
2007 1984 2086 2039 qui

350 2067 534 2118 propter
565 2059 895 2101 immodestiam
928 2056 1260 2115 perturbationi
1303 2055 1403 2097 aliis
1443 2058 1522 2096 aut
1554 2054 1792 2096 offensioni
1825 2060 1985 2110 essent,
2018 2054 2084 2096 di-

350 2131 559 2186 mittendi
592 2135 736 2173 erunt.

495 2203 532 2248 7.
596 2202 893 2257 Magistratus
925 2200 1002 2256 qui
1036 2200 1084 2241 in
1116 2213 1386 2254 unaquaque
1418 2197 1668 2239 Academia
1698 2197 1832 2239 tertio
1865 2202 2083 2254 quartove

354 2289 529 2331 quoque
554 2289 704 2316 mense
728 2273 957 2330 pluribus¹
978 2271 1352 2313 Academicorum
1380 2269 1647 2324 secretisque
1669 2269 1897 2324 suffragiis
1919 2269 2085 2324 eligen-

352 2352 440 2400 tur,
474 2347 519 2387 hi
554 2346 647 2387 fere
680 2349 835 2387 erunt:
868 2342 1139 2386 Academiae
1171 2345 1330 2395 rector,
1363 2339 1451 2382 duo
1471 2339 1717 2381 consiliarii
1748 2344 1793 2381 et
1812 2355 1929 2383 unus
1950 2355 2086 2381 secre-

352 2417 515 2459 tarius:
550 2417 713 2472 quibus
745 2415 823 2457 alii
856 2415 993 2457 etiam
1026 2414 1131 2456 addi
1171 2417 1407 2470 poterunt,
1448 2425 1721 2466 muneraque
1758 2411 1967 2453 distribui
2005 2425 2085 2467 pro

352 2488 727 2529 Academicorum
765 2486 1041 2542 frequentia,
1082 2485 1169 2527 loci
1211 2482 1532 2526 consuetudine
1572 2487 1616 2523 et
1654 2482 1860 2524 Rectoris
1893 2482 2085 2536 Collegii

347 2558 533 2614 judicio.

496 2632 539 2674 8.
602 2630 770 2671 Rector
801 2628 850 2670 in
881 2627 1128 2670 Academia
1159 2625 1490 2679 Theologorum
1523 2624 1786 2682 plerumque
1818 2623 1876 2665 sit
1898 2623 2086 2665 Theolo-
2111 2628 2113 2631 '

354 2716 458 2757 gus,
492 2700 650 2756 quodsi
674 2700 905 2742 interdum
928 2715 981 2741 ex
1004 2698 1292 2755 Philosophis
1314 2696 1548 2751 eligendus
1572 2696 1812 2749 videretur,
1845 2695 1904 2736 sit
1924 2694 2085 2736 saltem

354 2772 690 2828 metaphysicus
742 2772 910 2827 (ultani,
947 2771 1094 2826 (cum).
1174 2769 1228 2810 In
1282 2766 1529 2809 Academia
1584 2766 1693 2807 item
1744 2765 1994 2807 Rhetorum
2041 2769 2086 2805 et

354 2842 790 2899 grammaticorum2,
825 2841 1006 2898 quando
1046 2855 1099 2882 ex
1139 2838 1330 2883 diversis
1376 2837 1593 2879 classibus
1624 2841 1855 2890 constant,
1887 2835 1960 2878 vel
1992 2835 2085 2891 ple-

354 2929 544 2970 rumque
577 2912 773 2968 eligatur
805 2928 857 2954 ex
879 2912 1018 2955 classe
1045 2910 1285 2967 superiore,
1306 2909 1377 2951 vel
1398 2908 1596 2962 alterniS,
1629 2912 1680 2949 ut
1703 2906 1896 2961 Collegii
1920 2906 2087 2947 Rector

355 2985 590 3027 censuerit.
653 2985 699 3026 Is
732 2988 882 3025 autem
921 2982 1171 3038 eligendus,
1210 2980 1287 3036 qui
1325 2980 1517 3034 virtute,
1566 2979 1751 3034 ingenio
1796 2981 1840 3018 et
1879 2976 2086 3019 doctrina

502 3067 510 3085 ¹
543 3067 652 3101 1832:
681 3067 810 3101 saltem
839 3067 894 3101 bis
923 3066 957 3101 iu
984 3076 1078 3100 anno
1107 3086 1118 3089 ν
1144 3086 1147 3087 ⁷
1176 3064 1403 3107 wenigsteus
1427 3063 1536 3108 jahrl.
1563 3065 1584 3097 2
1611 3062 1694 3096 mal.

501 3127 513 3145 ²
537 3137 589 3171 pr.
618 3127 727 3167 „item
757 3125 977 3159 Rhetoricae
1004 3131 1042 3158 et
1070 3123 1339 3157 Grammaticae
1366 3123 1606 3157 auditorum.“
