2089 3381
233 130 276 165 R.
303 132 349 165 st.
366 130 467 165 1586.
518 128 759 172 Quaestiones
785 130 850 164 aut
875 127 1096 163 omittendae
1121 130 1186 162 aut
1210 138 1281 162 uno
1307 127 1385 162 loco
1412 127 1638 163 tractandae.
1725 116 1780 160 85

80 250 133 291 vt
187 247 356 304 scripta
410 247 651 290 memoriae
702 247 893 303 gratia¹;
950 260 1034 288 nec
1085 245 1281 288 otiosum
1334 244 1606 287 desiderabit
1663 259 1781 287 com-

79 318 366 361 mentarium.

222 389 311 440 Qui
335 403 442 432 vero
464 389 628 445 longae
653 392 946 431 assueuerunt
969 386 1221 442 dictationi,
1254 390 1433 429 tentent
1459 385 1576 428 hanc
1607 387 1778 443 praele—

78 459 218 517 gendi
245 461 484 514 rationem;
519 473 655 515 quam
674 458 714 500 si
733 457 981 515 desperant,
1009 473 1092 500 nec
1114 462 1219 499 sunt
1242 457 1320 512 qui
1339 456 1388 498 in
1407 455 1558 498 locum
1576 456 1777 513 ipsorum

78 530 374 584 sufficiantur,
421 533 628 586 pergant,
677 528 819 571 donec
857 529 916 571 sit
954 529 1146 571 aliorum
1185 528 1326 584 copia.
1389 527 1442 570 Id
1481 527 1601 583 quod
1641 528 1777 569 etiam

78 600 271 643 concedi
292 604 455 657 posset,
488 599 570 642 vbi
591 599 746 642 Nostri
768 599 944 656 saepius
976 603 1214 642 tentarunt
1246 598 1457 640 desistere
1488 613 1514 640 a
1547 598 1776 652 dictando,

77 675 122 713 et
175 670 387 727 discipuli
440 670 671 726 diffugere.
748 671 947 713 Tametsi
1001 671 1150 713 minus
1198 669 1488 725 diffugerent,
1536 673 1581 711 et
1627 669 1778 711 minus

77 746 386 798 quererentur,
415 741 453 783 si
470 756 622 784 omnes
639 741 695 784 ad
713 742 1063 798 praelegendum
1081 741 1260 797 egregie
1278 740 1604 795 incumberent,
1627 743 1778 782 amota

77 813 345 856 dictatione:
379 827 486 855 nam
509 813 547 854 si
568 827 686 855 Vnus
707 813 849 855 dictat
870 818 915 855 et
946 813 1028 855 alit
1048 812 1285 869 pigritiam
1317 811 1628 866 delicatorum,
1663 812 1778 853 alter

74 898 181 938 non,
214 884 316 940 quis
347 883 529 926 dubitat
559 883 737 926 futuras
769 883 988 939 gratiores
1020 884 1204 926 delitias
1235 883 1344 937 [sic],
1377 897 1513 938 quam
1534 883 1709 924 labores
1732 887 1776 924 et

74 955 256 1012 spinas?
301 955 400 997 Imo
441 955 689 998 dictatione
720 956 838 998 fiunt
870 955 1071 1011 quotidie
1102 955 1338 1011 pigriores,
1386 958 1438 995 vt
1470 954 1571 1010 plus
1604 968 1777 1010 semper

73 1027 288 1085 temporis
310 1028 518 1084 exigant:
541 1027 740 1071 vicissim
761 1027 855 1069 sine
871 1026 1117 1069 dictatione
1130 1026 1248 1067 fiunt
1264 1039 1352 1081 quo
1376 1023 1379 1082 l
1403 1025 1515 1067 tidie
1532 1024 1773 1079 celerioreS,
1798 1050 1823 1073 p.
1839 1041 1898 1066 101.

72 1103 124 1141 vt
155 1098 307 1141 minus
338 1100 554 1155 temporis
587 1113 697 1156 opus
729 1098 801 1140 sit.

217 1169 374 1212 Sicubi
397 1169 661 1212 dictandum
682 1168 832 1222 fuerit,
864 1168 1010 1211 tribus
1031 1168 1167 1210 horae
1200 1167 1531 1224 quadrantibus
1565 1166 1772 1221 dictetur,

73 1239 248 1282 duobus
270 1244 422 1282 autem
446 1240 706 1297 explicetur.
756 1241 838 1283 Sin
870 1246 972 1297 post
1005 1239 1301 1282 dictationem
1333 1243 1499 1281 exeunt
1531 1238 1772 1292 auditores,

70 1325 153 1353 nec
197 1311 384 1353 retineri
430 1312 656 1368 possunt2,
702 1312 1018 1368 interponatur
1065 1311 1322 1368 explicatio.
1392 1310 1484 1354 Vbi
1530 1324 1635 1353 vero
1679 1323 1772 1352 non

71 1381 282 1436 dictatur,
313 1397 391 1440 per
422 1382 579 1426 horam
611 1383 909 1440 praelegatur.

518 1824 832 1904 Catalogus
879 1824 1326 1899 Quaestionum,
1816 1859 1875 1884 102.

71 1947 222 2008 quae
269 1948 302 1993 a
346 1930 638 2010 Theologo
682 1931 1034 1995 tractandae
1084 1950 1206 1994 non
1259 1933 1432 2008 sunt;
1481 1934 1485 2008 l
1525 1930 1649 2006 vel,
1715 1930 1769 1993 si

89 2025 449 2101 tractantur,
496 2045 617 2090 non
659 2027 1030 2102 tractandae,
1073 2031 1078 2104 Ι
1118 2026 1243 2089 nisi
1289 2027 1450 2089 certo
1488 2024 1749 2104 quodam

394 2119 542 2191 loco,
584 2126 591 2198 l
630 2138 739 2184 nec
782 2121 850 2184 in
897 2121 1016 2185 alio
1061 2120 1441 2200 repetendae.

805 2267 919 2333 Cap.
961 2266 1039 2317 IV.

210 2356 314 2398 Erit
361 2357 494 2413 hujus
538 2358 751 2416 Catalogi
804 2360 1046 2417 multiplex
1102 2375 1221 2402 Vsus,
1285 2360 1414 2403 Vnus
1462 2360 1662 2415 quidem,
1716 2367 1768 2402 vt

67 2433 323 2469 resecentur
355 2443 381 2470 a
412 2428 663 2485 Theologia
695 2431 984 2486 quaestiones
1016 2431 1206 2487 aliquae,
1241 2446 1355 2488 quae
1388 2431 1445 2473 ad
1472 2431 1768 2487 Theologiam

67 2513 160 2541 non
182 2502 401 2555 spectant,
429 2499 477 2541 id
500 2500 621 2556 quod
645 2502 733 2544 erit
757 2502 815 2544 ad
836 2502 1108 2545 breuitatem
1139 2507 1184 2544 et
1217 2502 1275 2544 ad
1305 2502 1522 2544 tuendam
1545 2502 1768 2559 Theologi

68 2568 342 2625 dignitatem
374 2571 771 2614 consultissimum.
833 2573 978 2628 Alter,
1011 2578 1076 2627 vt,
1110 2587 1225 2629 quae
1263 2573 1573 2615 edisserendae
1605 2578 1712 2616 sunt
1741 2589 1766 2615 a

69 2640 315 2697 Theologo,
354 2641 562 2698 pluribus
599 2642 711 2685 locis
748 2644 797 2685 in
829 2644 985 2686 eodem
1017 2644 1315 2700 quadriennio
1353 2659 1447 2686 non
1482 2649 1765 2713 repetantur,

66 2710 174 2753 licet
206 2726 358 2754 earum
392 2713 565 2755 mentio
598 2717 642 2755 et
669 2716 985 2772 opportunitas
1006 2716 1184 2772 saepius
1207 2720 1412 2757 occurrat
1437 2715 1485 2757 in
1509 2716 1552 2757 S.
1578 2716 1764 2759 Thoma.

67 2782 305 2827 Eiusmodi
342 2798 539 2840 namque
576 2786 785 2842 repetitio
824 2789 869 2827 et
901 2790 1079 2844 tempus
1111 2786 1301 2829 deuorat
1332 2787 1465 2829 rebus
1500 2787 1601 2829 aliis
1633 2787 1766 2829 desti-

213 2983 224 3004 ¹
250 2984 304 3019 Im
331 2983 431 3029 Orig.
460 2986 662 3029 „gratiae“.

211 3043 225 3062 ¹
249 3043 392 3079 Bewein
418 3054 490 3079 von
515 3043 580 3079 der
603 3044 767 3081 Freiheit
793 3046 856 3081 der
881 3045 1084 3083 Studenten
1110 3047 1174 3082 des
1202 3048 1257 3082 16.
1271 3046 1400 3082 Jahrb.
