2153 3467
333 187 420 229 412
560 198 670 233 Ratio
701 199 904 234 studiorum
931 204 968 234 et
993 199 1247 236 institutiones
1273 200 1514 235 scholasticae
1541 200 1740 236 Societatis
1764 203 1856 238 Jesu
1881 204 1919 238 Π

1223 333 1403 360 carmen
1433 318 1642 372 latinum,
1674 319 1944 362 humanistis
1966 337 2069 364 con-

1224 389 1533 443 venientibus,
1579 394 1803 446 postrema
1848 392 2071 435 semihora

1224 460 1581 502 antemeridiana
1612 461 1668 502 ab
1700 476 1790 503 uno
1823 466 1900 504 aut
1932 464 2069 505 altero

333 544 425 570 uno
450 534 528 571 aut
544 530 684 572 altero
703 531 1027 588 discipulorum
1045 547 1067 573 e
1084 546 1187 587 sug-
1225 531 1550 587 discipulorum
1581 547 1604 573 e
1636 537 1853 588 suggestu
1882 534 2069 576 alternis

333 605 465 655 gestu
498 602 682 644 alternis
720 602 922 644 sabbatis
954 602 1430 671 habeatur.}sabbatis
1461 602 1694 644 habeatur.

134 670 315 732 dgffssifflo·
480 672 547 718 17.
609 675 714 729 (16.)
775 674 830 715 111
863 674 966 716 aula
999 674 1226 730 templove
1258 673 1441 729 gravior
1480 674 1624 715 oratio
1656 679 1735 716 aut
1767 690 1961 730 carmen,
1994 677 2069 719 vel

333 748 594 800 utrumque,
629 760 748 786 nunc
781 745 920 786 latine
953 759 1073 786 nunc
1104 758 1261 799 graece
1294 747 1432 797 (murzac
1452 746 1713 799 vmvcaculc),
1745 746 1816 787 vel
1849 746 2070 789 declama-

334 814 449 855 toria
469 815 599 869 actio,
633 815 848 872 expositis
880 815 1107 870 utrimque
1129 814 1383 857 rationibus
1406 815 1585 870 lataque
1605 816 1842 871 sententia,
1876 817 2069 873 singulis

332 885 423 926 fere
455 886 683 928 mensibus
714 886 947 940 habeatur,
981 901 1072 928 non
1105 890 1257 927 tamen
1288 886 1376 927 nisi
1408 887 1643 942 recognita
1675 891 1720 929 et
1753 888 2010 944 approbata
2043 905 2069 931 a

334 957 567 998 Praefecto
600 957 853 999 studiorum
886 957 1179 1014 superiorum.

334 316 407 358 vel
473 332 652 359 carmen
724 318 858 360 simul
915 322 959 360 et
1025 319 1186 373 oratio,

334 387 621 429 Humanistis
669 389 1061 443 convenientibus,
1110 405 1186 446 po—

335 462 501 499 strema
518 459 738 501 semihora
756 460 1111 502 antemeridiana
1129 460 1184 501 ab

139 1085 288 1150 §2323
478 1086 550 1132 18.
615 1089 720 1141 (17.)
783 1088 1045 1143 Affigantur
1077 1088 1277 1129 carmina
1299 1088 1477 1129 scholae
1500 1088 1749 1145 parietibus
1772 1089 1956 1131 alternis
1977 1090 2068 1132 fere

332 1159 560 1200 mensibus
592 1158 648 1200 ad
671 1158 866 1214 aliquem
885 1159 1176 1201 celebriorem
1193 1159 1311 1201 diem
1335 1159 1659 1214 exornandum,
1685 1160 1755 1202 vel
1778 1160 2068 1217 magistratus

331 1230 702 1286 promulgandOS,
743 1230 816 1271 vel
850 1229 939 1271 alia
977 1230 1189 1286 quapiam
1228 1231 1475 1285 occasione,
1517 1231 1810 1273 selectissima
1863 1247 2068 1288 quaeque

332 1318 357 1343 a
389 1301 622 1358 discipulis
645 1301 881 1358 descripta.
931 1302 1029 1343 11110
1049 1301 1188 1343 etiam
1208 1317 1287 1358 pro
1308 1302 1547 1357 regionum
1570 1318 1692 1345 more
1716 1303 1890 1358 aliquid
1909 1318 2067 1360 prosae

333 1373 560 1426 brevioris,
595 1373 747 1428 quales
779 1377 885 1414 sunt
916 1372 1251 1430 inscriptiones,
1292 1377 1344 1415 ut
1382 1374 1656 1431 clypeorum,
1688 1375 1972 1431 templorum,
2004 1390 2068 1416 se-

332 1444 603 1500 pulcrorum,
636 1443 890 1498 hortorum,
932 1448 1203 1498 statuarium
1252 1444 1406 1500 quales
1450 1445 1796 1502 descriptiones,
1838 1450 1890 1487 ut
1928 1446 2065 1502 urbis,

330 1519 500 1570 portus,
534 1515 776 1569 exercitus;
811 1515 965 1571 quales
996 1515 1299 1569 narrationes,
1339 1520 1390 1557 ut
1428 1516 1493 1558 rei
1524 1521 1681 1571 gestae
1713 1516 1768 1558 ab
1801 1516 1954 1573 aliquo
1989 1517 2067 1558 Di-

331 1601 515 1641 vorum3
550 1587 704 1643 qualia
725 1587 919 1643 denique
941 1586 1191 1643 paradoxa,
1226 1586 1392 1628 additis
1413 1586 1655 1642 interdum,
1688 1602 1780 1629 non
1797 1591 1949 1629 tamen
1972 1587 2066 1629 sine

332 1658 538 1700 Rectoris
569 1659 802 1715 permissu,
835 1659 1040 1715 picturis,
1074 1673 1188 1714 quae
1221 1658 1480 1700 emblemati
1512 1658 1586 1700 vel
1619 1663 1886 1714 argumento
1908 1673 2067 1716 propo—

329 1728 416 1771 sito
448 1730 761 1786 respondeant.

48 1798 179 1823 Pffiffl‘
197 1806 309 1823 ⁸⁶'⁰‘¹‘³·
474 1800 548 1847 19.
585 1805 687 1855 (18.)
726 1801 901 1843 Poterit
920 1801 1148 1843 interdum
1170 1801 1391 1856 Magister
1411 1800 1593 1843 brevem
1614 1800 1810 1857 aliquam
1830 1801 2065 1856 actionem,

329 1872 507 1928 eclogae
528 1888 601 1925 so,
636 1888 792 1916 scenae
824 1872 1053 1928 dialogive
1075 1872 1308 1929 discipulis
1338 1871 1596 1928 argumenti
1620 1871 1718 1914 1000
1741 1871 1983 1928 imponere,
2016 1876 2068 1914 ut

328 1943 408 1985 illa
429 1943 588 1986 deinde
609 1945 656 1985 in
679 1944 843 1998 schola,
865 1943 1123 1986 distributis
1143 1943 1262 1985 inter
1283 1943 1402 2000 ipsos
1423 1942 1643 2000 partibus,
1676 1943 1772 1985 sine
1796 1943 1890 1986 ullo
1914 1951 2066 1986 tamen

329 2014 503 2057 scenico
536 2020 713 2069 ornatu,
747 2014 1025 2070 exhibeatur,
1060 2030 1174 2072 quae
1206 2014 1408 2057 omnium
1442 2014 1610 2071 optime
1643 2014 1894 2071 conscripta
1926 2014 1996 2059 sit.

127 2096 310 2157 decfisssssg'ssss'g,
473 2097 553 2145 20.
617 2100 719 2154 (19.)
781 2098 957 2141 Nostris
987 2097 1244 2140 exercendis
1286 2097 1403 2140 sicut
1434 2097 1607 2151 omnia,
1646 2112 1759 2153 quae
1798 2098 1853 2140 de
1892 2098 2067 2141 ratione

331 2169 523 2212 docendi
557 2169 768 2223 diximus,
802 2169 1059 2212 communia
1091 2174 1209 2223 sunt,
1243 2168 1309 2212 ita
1341 2169 1422 2211 illa
1453 2168 1721 2225 peculiaria,
1759 2173 1812 2210 ut
1844 2168 1966 2211 domi
1998 2173 2068 2212 ter

331 2245 410 2282 aut
442 2245 601 2297 quater
634 2241 682 2282 in
714 2240 995 2282 hebdomada
1027 2255 1105 2297 per
1124 2240 1294 2294 horam,
1327 2255 1414 2296 quo
1439 2244 1637 2296 tempore
1655 2240 2066 2284 commodissimum

331 2311 515 2354 Rectori
534 2311 776 2366 videbitur,
796 2311 1086 2368 repetitiones
1108 2326 1257 2353 coram
1273 2311 1495 2366 Magistro
1517 2315 1597 2353 aut
1618 2310 1721 2366 alio,
1744 2326 1879 2368 quem
1902 2312 2067 2354 Rector

330 2384 424 2439 ipse
456 2383 677 2438 statuerit,
711 2383 921 2426 habeant.
983 2384 1039 2425 In
1071 2383 1237 2439 quibus
1268 2382 1592 2439 praelectiones

331 2454 523 2497 latinael
590 2469 837 2511 graecaeve
908 2454 1177 2507 recolantur,
1215 2452 1397 2507 latinae,
1431 2452 1696 2495 vernaculae
1727 2467 1970 2508 graecaeve
2000 2468 2066 2495 re-

331 2526 567 2581 solutaque
600 2527 743 2568 oratio
766 2531 810 2568 et
833 2540 1013 2567 carmen
1035 2524 1179 2567 latine
1216 2524 1436 2577 colantur,
1498 2523 1866 2565 elucubrationes
1928 2524 2066 2566 corri-

330 2611 544 2651 graeceve
577 2598 882 2652 corrigantur:
1196 2598 1405 2655 {gantum

324 2667 660 2723 jubeanturque
673 2668 875 2723 quotidie
896 2666 1069 2722 aliquid
1081 2665 1315 2708 ediscendo
1331 2665 1595 2707 memoriam
1613 2665 1829 2720 excolere,
1849 2666 2064 2708 multum-

332 2753 417 2794 que
450 2744 495 2780 et
528 2743 699 2780 attente
719 2740 883 2794 legere.
931 2737 1059 2780 Nihil
1082 2738 1201 2779 enim
1221 2751 1360 2792 aeque
1380 2736 1622 2779 foecundat
1644 2736 1895 2792 ingenium,
1929 2751 2062 2792 quam
2152 2752 2153 2770 ¹

330 2815 381 2852 ut
401 2810 458 2851 ad
474 2810 617 2861 aulae,
635 2810 792 2866 templi
813 2809 1078 2865 scholaeque
1095 2812 1372 2864 suggestum,
1389 2807 1509 2863 quod
1526 2808 1616 2849 illis
1635 2823 1737 2850 cum
1755 2808 1950 2849 externis
1961 2823 2064 2849 con-

333 2881 567 2939 discipulis
584 2895 819 2922 commune
836 2885 916 2934 est,
935 2880 1089 2922 addito
1103 2879 1240 2921 etiam
1254 2879 1503 2933 refectorio,
1526 2878 1806 2934 frequentius
1825 2877 1995 2934 Singuli
2018 2893 2063 2920 se

332 2951 522 2993 dicendo
541 2956 791 3005 exerceant,
806 2956 858 2993 ut
875 2950 1067 3006 denique
1084 2949 1264 3007 publice
1287 2964 1461 3007 semper
1479 2949 1529 2992 in
1550 2949 1649 2992 1000
1668 2949 1880 3005 quopiam
1897 2948 2062 2991 idoneo

331 3038 412 3065 sua
443 3021 644 3065 carmina
680 3021 965 3079 Praeceptori
991 3021 1193 3078 probata,
1217 3035 1297 3063 suo
1320 3020 1546 3078 adscripto
1568 3020 1763 3075 nomine,
1795 3023 2061 3077 proponant·

478 3118 489 3138 ²
515 3129 560 3152 m.
591 3116 728 3159 „latino
756 3118 974 3161 graeceve“.
