2143 3462
223 1143 228 1148 .
244 1125 302 1150 139.

219 1851 224 1857 .
241 1835 299 1858 14⁰.

330 203 412 244 108
527 213 635 247 Ratio
663 213 865 248 studiorum
892 217 929 248 et
954 213 1209 249 institutiones
1234 211 1473 248 scholasticae
1498 212 1696 248 Sooietatis
1721 214 1811 249 Jesu
1834 214 1873 249 II

327 334 476 370 autem
508 329 760 372 habeantur
789 331 861 372 vel
903 345 1014 386 quae
1047 335 1153 372 sunt
1184 329 1390 386 proxima
1421 328 1669 371 temeritati
1702 345 1752 372 ac
1782 329 2011 384 scandalo,

326 400 429 441 licet
456 414 546 441 non
580 401 708 454 clare,
741 401 814 443 vel
847 401 966 443 vnde
997 401 1195 457 pendent
1225 399 1395 441 multae
1427 399 1542 441 aliae
1575 400 1871 455 quaestiones.

467 472 506 513 3.
541 471 589 512 Si
629 471 737 526 quid
779 472 834 513 ab
875 472 1026 526 aliquo
1059 470 1368 512 Professorum
1406 469 1525 511 inter
1555 469 1878 527 disputandum
1916 486 2016 528 per-

324 556 475 597 peram
523 541 694 583 dictum
740 542 819 596 sit,
866 543 903 583 si
951 540 1182 583 commode
1230 540 1505 582 dissimulari
1548 545 1708 597 potest,
1753 541 2014 583 Praefectus

326 612 585 653 conniueat:
634 614 703 653 sin
751 628 802 654 ea
846 627 914 653 res
961 612 1062 668 plus
1107 611 1273 653 habeat
1311 611 1499 668 periculi
1538 616 1617 654 aut
1655 612 1830 667 erroris,
1878 627 2014 668 quain

325 683 560 725 fvrendum
596 683 675 737 sit,
708 683 823 724 nihil
847 682 1047 736 differat,
1080 682 1156 724 sed
1187 682 1429 739 prudenter
1461 687 1570 724 tunc
1601 698 1695 724 rem
1725 686 1868 725 totam
1891 687 2015 726 curet

324 754 636 795 declarandam
669 753 764 794 siue
795 767 873 809 per
904 753 1258 809 Praeceptorem,
1292 754 1387 795 siue
1406 768 1486 809 per
1506 768 1564 808 se,
1596 753 1687 795 nisi
1714 753 1819 796 inde
1852 753 2013 796 timeat

323 825 423 880 plus
456 824 759 866 contentionis
791 828 835 865 et
865 823 1131 874 turbarum„
1177 823 1304 865 Tunc
1335 824 1453 865 enim
1475 824 1661 880 aliquid,
1692 824 1813 880 quod
1843 824 1900 867 ad
1920 840 2014 867 rem

324 896 569 951 pertineat,
603 894 802 935 breuiter
839 893 1085 949 significet,
1134 898 1178 936 et
1216 894 1352 936 finem
1383 895 1607 951 imponat,
1646 910 1829 951 remque
1867 899 2013 938 totam

324 970 477 1022 postea
509 965 694 1006 Rectori
725 964 904 1006 referat.

464 1039 504 1078 4.
540 1035 879 1089 Conclusiones,
921 1049 1031 1090 quas
1069 1034 1170 1090 quis
1208 1035 1257 1077 in
1297 1035 1435 1077 classe
1469 1034 1732 1078 defensurus
1765 1040 1853 1091 est,
1893 1040 2014 1093 post-

324 1121 458 1163 quam
482 1122 506 1148 a
528 1107 748 1161 Magistro
768 1106 1027 1161 recognitae
1049 1105 1234 1161 fuerint,
1268 1106 1574 1164 ostenldantur
1596 1106 1736 1148 etiam
1757 1106 2011 1162 Praefecto3

326 1178 402 1233 qui
422 1178 681 1234 opinionem
703 1177 880 1219 nullam
904 1181 1169 1232 commutet,
1194 1182 1273 1220 aut
1297 1177 1443 1219 deleat
1465 1177 1719 1220 inconsulto
1741 1177 2010 1220 Professore.

326 1248 456 1297 Quod
492 1249 529 1290 si
570 1249 688 1291 inter
727 1264 801 1291 eos
840 1261 911 1291 res
949 1248 1158 1304 componi
1196 1263 1289 1290 non
1329 1253 1498 1305 posset,
1539 1249 1597 1291 ad
1627 1248 1865 1291 Rectorem
1901 1248 2013 1291 refe-

323 1318 466 1355 ratur:
501 1315 579 1369 qui
610 1320 850 1371 postquam
883 1331 967 1371 eos,
1002 1323 1081 1360 aut
1111 1320 1263 1374 etiam,
1295 1319 1334 1361 si
1365 1319 1626 1376 oportuerit,
1659 1319 1770 1362 alios
1802 1320 2010 1376 audierit,

324 1384 538 1440 quicquid
571 1389 752 1442 statuet,
786 1387 1022 1431 denuntiet
1053 1393 1187 1446 atque
1218 1395 1465 1447 exequatur
1494 1405 1574 1448 per
1604 1390 1905 1434 Praefectum.

568 1801 647 1865 De
692 1803 935 1868 Privato
981 1805 1194 1869 Studio
1239 1804 1766 1871 Scholastioorum.

1026 1938 1141 2003 Gap.
1179 1938 1301 1989 VIII.

459 2028 595 2070 Horis
642 2029 821 2085 priuato
869 2031 1017 2073 studio
1064 2031 1316 2086 attributiS,
1364 2030 1633 2073 Scholastici
1669 2034 1851 2072 seruent
1887 2029 2009 2073 hunc

319 2098 531 2141 studendi
562 2101 757 2143 modum.
822 2102 1126 2144 Praeuideant
1165 2106 1271 2144 ante
1305 2101 1491 2145 Scholas
1530 2105 1708 2144 textum
1745 2100 2006 2157 legendum:

318 2174 419 2225 post
452 2170 638 2213 Scholas
666 2172 802 2214 Domi
832 2173 1038 2229 relegant
1069 2175 1247 2230 scripta3
1283 2176 1439 2215 curent
1468 2172 1743 2228 intelligere:
1777 2172 2009 2214 intellecta

319 2239 382 2281 310
414 2242 691 2297 examinent,
723 2248 774 2286 vt
805 2244 892 2300 ipsi
924 2244 1010 2286 sibi
1043 2244 1274 2300 obijciant,
1308 2248 1352 2285 et
1384 2258 1498 2299 quae
1531 2242 1776 2285 obiecerint
1807 2243 2005 2298 solvant;

320 2326 432 2365 quae
472 2319 719 2368 nequeunt,
769 2319 989 2357 annotent
1032 2315 1088 2358 ad
1135 2314 1510 2370 interrogandum
1559 2315 1633 2357 vel
1671 2313 2005 2371 disputandum.

320 2382 651 2441 Praescriptam
698 2386 882 2428 tandem
927 2402 953 2429 a
991 2385 1223 2429 Praefecto
1264 2385 1535 2428 diuisionem
1574 2385 1789 2442 temporis
1827 2389 2007 2427 seruent

321 2453 572 2509 diligenter.

462 2528 499 2568 2.
535 2526 757 2576 Quoniam
797 2528 845 2570 in
882 2529 967 2571 hoc
1002 2529 1184 2586 priuato
1222 2528 1372 2571 studio
1405 2528 1602 2585 aliquem
1635 2528 2007 2571 commentarium

321 2597 572 2639 concedunt
595 2598 882 2642 Scholasticis
902 2600 1282 2654 Constitutiones,
1303 2599 1410 2642 libri
1430 2599 1713 2642 auditoribus
1735 2599 2007 2655 Theologiae

321 2666 383 2706 310
404 2666 615 2709 videntur
636 2669 948 2712 distribuendi.
989 2670 1064 2725 Hi,
1083 2671 1161 2726 qui
1183 2675 1289 2713 sunt
1313 2671 1496 2725 ingenio
1518 2671 1598 2714 vix
1617 2670 1843 2725 mediocri,
1861 2670 2006 2727 primo

322 2738 521 2778 semestri
553 2753 645 2780 non
676 2740 849 2796 legant,
883 2742 972 2783 nisi
1005 2742 1048 2783 S.
1072 2741 1306 2796 Thomam,
1338 2757 1394 2784 ne
1415 2742 1682 2784 Oaietanum
1703 2741 1902 2798 quidem:
1930 2742 2007 2784 sed

320 2814 475 2865 postea
509 2809 637 2851 detur
676 2811 736 2852 eis
768 2827 885 2854 vnus
916 2816 1096 2854 tantum
1127 2827 1208 2869 pro
1241 2813 1505 2855 diuersitate
1536 2813 1847 2867 materiarum,
1879 2812 2006 2869 isque

321 2879 579 2935 perspicuus
601 2885 644 2921 et
665 2881 823 2936 facilis,
856 2886 909 2925 vt
932 2882 1189 2937 Durandus‚
1222 2884 1562 2938 Bonaventura,
1594 2882 1861 2938 Richardus,
1890 2884 2008 2926 Mar-

321 2950 460 3005 silius,
501 2951 687 3004 Ferrar.,
721 2951 1012 3007 Argentinas.
1075 2954 1248 2996 Poterit
1287 2958 1332 2996 et
1365 2954 1606 3010 aliquando
1639 2954 1930 3008 commutari,
1969 2954 2007 2996 si

321 3022 596 3064 iudicabitur
627 3023 846 3079 expedire.
911 3023 998 3074 Qui
1030 3028 1136 3066 sunt
1163 3024 1347 3080 ingenio
1370 3025 1528 3067 saltem
1549 3025 1776 3079 mediocri,
1797 3025 1871 3067 vel
1890 3024 2005 3082 PIUS,

322 3092 399 3134 vix
445 3092 618 3149 aliquid
660 3093 804 3151 primo
848 3094 1052 3136 semestri
1095 3099 1271 3152 praeter
1312 3096 1356 3138 S.
1388 3095 1609 3139 'rhomam
1655 3099 1700 3138 et
1739 3095 2004 3139 Oaietanum
