2084 3441
299 154 358 197 64
473 160 583 197 Ratio
609 160 814 198 studiorum
839 165 878 197 et
901 159 1157 198 institutiones
1181 159 1426 196 scholasticae
1451 158 1646 198 Societatis
1671 161 1761 198 Jesu
1784 160 1823 198 11

299 281 433 324 Falsa
464 285 532 323 est
561 281 809 323 Doctorum
840 280 1075 335 sententia,
1108 280 1304 337 primum
1342 278 1573 322 hominem
1611 280 1811 337 potuisse
1842 296 1869 323 a
1898 280 1996 322 Deo

299 352 439 395 creari
469 356 514 394 et
553 352 733 395 institui
769 352 865 394 sine
902 350 1078 393 iustitia
1107 349 1320 392 naturali.
1355 374 1410 380 —
1444 349 1565 399 Quas
1603 351 1784 407 quidem
1822 356 1999 394 senten-

297 424 385 466 tias
417 423 572 465 stricto
599 437 749 466 coram
770 422 902 465 nobis
923 421 1129 464 examine
1151 420 1439 477 ponderatas,
1472 436 1732 478 quanquam
1750 423 1998 466 nonnullae

299 495 451 551 aliquo
498 498 632 552 pacto
674 493 886 536 sustineri
928 495 1122 549 possent,
1167 491 1217 534 in
1256 491 1405 548 rigore
1449 496 1494 534 et
1535 493 1719 550 proprio
1759 493 2000 537 Verborum

299 581 432 608 sensu
463 565 520 607 ab
553 564 850 607 assertoribus
887 563 1066 605 intento
1097 562 1362 618 haereticas,
1401 578 1621 619 erroneas,
1663 568 1904 621 suspectas,
1936 569 2000 607 te-

299 636 525 690 merariaS,
567 635 851 677 scandalosas
889 638 933 676 et
969 634 1018 675 in
1056 633 1154 690 pias
1194 648 1324 675 aures
1368 633 1663 676 offensionem
1702 634 2001 677 immittentes

298 707 545 765 respectiue
579 721 630 748 ac
661 720 952 762 quaecunque
983 719 1114 762 super
1145 704 1201 761 ijs
1232 705 1370 748 Verbo
1403 705 1661 762 scriptoque
1693 706 1854 748 emissa
1873 721 2000 763 prae-

300 779 495 821 sentium
546 777 816 820 auctoritate
869 776 1150 831 damnamus,
1201 776 1609 820 circumscribimus
1662 781 1707 820 et
1756 778 2002 833 abolemus,

300 850 442 906 deque
481 847 648 890 eisdem
692 851 736 890 et
779 847 1004 889 similibus
1046 847 1234 904 posthac
1278 861 1547 904 quocunque
1592 852 1723 906 pacto
1771 848 2002 905 loquendi,

299 919 525 963 scribendi
571 923 617 960 et
664 918 927 975 disputandi
973 918 1237 961 facultatem
1285 918 1627 975 quibuscunque
1678 919 2001 962 interdicimus.

300 992 389 1042 Qui
421 1005 544 1033 secus
583 989 786 1044 fecerint,
825 989 946 1046 ipsos
983 990 1193 1032 omnibus
1231 990 1549 1046 dignitatibus,
1594 988 1824 1046 gradibUS,
1864 990 2005 1033 hono-

299 1063 437 1117 ribus,
469 1060 713 1117 beneficijs,
747 1064 792 1102 et
822 1060 982 1117 officijs
1013 1065 1228 1118 perpetuo
1260 1061 1506 1118 privamus,
1540 1077 1592 1104 ac
1618 1062 1759 1104 etiam
1777 1061 2004 1104 inhabiles

301 1134 358 1176 ad
389 1146 681 1190 quaecunque
713 1131 1006 1187 decernimus,
1038 1133 1223 1175 vinculo
1263 1146 1442 1188 quoque
1481 1132 1784 1175 anathematis
1825 1147 1876 1176 eo
1906 1133 2004 1191 ipso

300 1204 582 1259 innodamus,
615 1218 642 1246 a
672 1218 760 1260 quo
792 1203 945 1246 nullus
976 1203 1184 1246 Romano
1217 1203 1439 1246 Pontifice
1470 1203 1665 1246 Inferior
1694 1204 1846 1248 valeat
1884 1204 2005 1262 ipsos

301 1281 486 1332 excepto
518 1274 679 1317 mortis
712 1274 904 1317 articulo
936 1274 1140 1317 liberare.
1206 1275 1443 1318 Caeterum
1473 1279 1526 1318 vt
1558 1274 1651 1318 iam
1688 1275 1904 1318 commoti
1934 1275 2005 1319 his

300 1348 356 1390 de
385 1347 518 1389 rebus
557 1346 782 1389 tumultus
822 1350 866 1388 et
905 1349 1137 1388 contracta
1177 1345 1281 1388 odia
1319 1345 1500 1389 facilius
1539 1347 1776 1405 comprimi
1815 1347 2004 1405 possint,

300 1419 524 1475 simulque
557 1418 812 1460 animarum
844 1418 982 1460 saluti
1012 1418 1190 1475 plenius
1210 1417 1484 1472 consulatur,
1517 1417 1698 1459 Dilecto
1718 1417 1812 1460 filio
1836 1418 2003 1460 Nostro

301 1490 503 1533 Antonio
535 1488 661 1532 tituli
700 1489 746 1534 S.
775 1488 1112 1532 Bartholomaei
1154 1488 1203 1530 in
1246 1488 1404 1530 Insula
1441 1488 1714 1544 Presbytero
1757 1488 2004 1543 Cardinali,

302 1561 591 1605 Granuelano
623 1564 902 1618 nuncupato,
934 1575 1013 1617 per
1034 1558 1297 1617 Apostolica
1327 1558 1494 1616 scripta
1515 1559 1797 1615 mandamus,
1824 1563 1878 1603 vt
1897 1559 2005 1617 ipse,

302 1632 411 1690 quid
444 1631 501 1674 ad
531 1635 797 1689 perpetuam
829 1631 1052 1674 dictarum
1082 1630 1410 1674 sententiarum
1441 1634 1487 1673 et
1519 1630 1847 1687 scripturarum
1867 1630 2008 1674 aboli-

275 1704 486 1758 ‚tionem,
521 1702 632 1759 quid
659 1704 665 1758 Ι
693 1702 751 1745 ad
782 1703 976 1745 arcenda
1009 1702 1270 1746 huiusmodi
1306 1701 1545 1759 proloquia
1582 1706 1627 1744 et
1665 1701 2006 1760 disputationes,

304 1774 416 1832 quid
455 1773 650 1830 denique
689 1773 748 1816 ad
784 1774 1000 1817 vnionem
1032 1778 1077 1816 et
1114 1788 1269 1831 pacem
1309 1788 1412 1816 cum
1450 1773 1679 1816 communi
1716 1773 1919 1817 omnium
1962 1778 2009 1817 et

300 1845 534 1889 Ecclesiae
567 1844 830 1888 Catholicae
870 1844 1178 1888 satisfactione
1219 1844 1577 1902 componendam
1618 1844 1740 1888 facto
1778 1860 1889 1903 opus
1930 1845 2003 1901 sit,

300 1915 524 1974 imprimis
556 1916 802 1973 diligenter
833 1917 1071 1975 expendat.
1133 1916 1310 1960 Deinde
1341 1917 1391 1959 in
1420 1916 1477 1973 ijs
1516 1916 1739 1971 omnibus,
1779 1931 1894 1973 quae
1924 1930 2004 1973 pro

302 1988 532 2031 communi
576 1988 734 2043 salute,
778 1989 1111 2046 tranquillitate
1156 1992 1201 2031 et
1243 1988 1414 2031 honore
1458 1989 1682 2045 optimum
1720 1987 2004 2044 indicauerit,

301 2060 430 2103 salva
461 2074 633 2117 semper
663 2060 892 2102 Ecclesiae
930 2059 1185 2118 praedictae
1221 2060 1413 2115 vnitate,
1453 2059 1588 2102 etiam
1626 2074 1704 2116 per
1746 2059 1887 2102 alium
1927 2074 2005 2102 seu

303 2131 414 2174 alios
444 2130 548 2185 fide,
582 2130 787 2174 doctrina
819 2136 863 2173 et
893 2131 1113 2187 religione
1153 2134 1432 2188 praestantes
1472 2144 1613 2187 ocyus
1645 2134 1908 2186 exequatur,
1940 2129 2006 2173 fa-

303 2201 482 2257 ciatque
515 2200 732 2258 quicquid
763 2201 1011 2245 decreuerit
1030 2202 1251 2245 inuiolate
1273 2202 1329 2244 ab
1352 2201 1561 2244 omnibus
1581 2201 1822 2244 obseruari.
1885 2202 2003 2245 Con-

302 2273 567 2316 tradictores
599 2273 827 2330 quoslibet
857 2288 937 2331 per
969 2288 1178 2316 censuras
1210 2277 1255 2315 et
1281 2287 1448 2330 poenas
1467 2271 1722 2330 praedictas
1743 2275 2004 2328 caeteraque

302 2343 413 2386 iuris
447 2348 492 2386 et
521 2343 633 2386 facti
663 2344 861 2387 remedia
889 2347 1155 2402 opportuna,
1188 2343 1486 2401 appellatione
1522 2342 1786 2401 postposita,
1829 2356 2004 2401 compe-

303 2414 487 2457 scendo:
522 2415 735 2459 inuocato
768 2416 905 2458 etiam
936 2415 995 2458 ad
1010 2415 1109 2471 hoc,
1141 2415 1180 2457 si
1211 2429 1322 2472 opus
1352 2414 1504 2470 fuerit,
1528 2415 1698 2457 auxilio
1729 2413 1902 2471 brachij
1937 2429 2003 2457 se-

304 2486 480 2530 cularis.
542 2487 647 2529 Non
679 2486 979 2542 obstantibus,
1012 2486 1133 2542 quod
1163 2486 1355 2529 forsitan
1393 2485 1620 2542 aliquibus
1652 2485 1709 2528 ab
1740 2485 2005 2544 Apostolica

305 2557 365 2598 sit
401 2556 503 2599 sede
540 2557 786 2613 indultum,
826 2557 946 2614 quod
983 2557 1208 2613 interdici,
1247 2557 1473 2614 suspendi,
1511 2557 1586 2600 vel
1622 2556 2005 2600 excommunicari

303 2641 395 2670 non
427 2628 601 2685 possint
631 2644 711 2686 per
741 2629 917 2672 litteras
948 2629 1233 2687 Apostolicas
1264 2643 1357 2670 non
1387 2627 1607 2671 facientes
1642 2630 1823 2686 plenam
1855 2631 1901 2671 et
1931 2643 2004 2671 ex-

304 2713 501 2755 pressam
545 2714 596 2741 ac
641 2700 695 2742 de
734 2700 874 2743 verbo
919 2700 978 2743 ad
1019 2700 1210 2743 verbum
1252 2699 1307 2742 de
1355 2699 1534 2743 indulto
1579 2698 1837 2742 huiusmodi
1879 2714 2002 2741 men-

303 2769 495 2812 tionem:
535 2774 579 2812 et
610 2770 890 2826 quibuslibet
920 2771 1021 2828 alijs
1051 2771 1316 2828 priuilegijs,
1356 2771 1733 2828 exemptionibus,
1763 2769 2004 2826 indulgen-

304 2841 380 2897 tijs
402 2845 447 2882 et
466 2840 609 2883 literis
630 2841 906 2898 Apostolicis
927 2842 1196 2899 specialibus
1214 2842 1288 2885 vel
1309 2841 1610 2898 generalibus,
1634 2855 2003 2899 quorumcunque

304 2916 512 2955 tenorum
545 2912 755 2967 existant,
788 2927 866 2969 per
888 2927 1001 2968 quae
1022 2912 1332 2970 praesentibus
1351 2926 1444 2955 non
1465 2927 1672 2970 expressa
1702 2913 1775 2957 vel
1800 2911 2004 2954 totaliter

305 2997 400 3025 non
437 2982 606 3025 inserta
646 2982 828 3025 effectus
867 2983 1171 3040 praesentium
1209 2982 1420 3040 impediri
1458 2985 1611 3026 valeat
1650 2982 2000 3040 quomodolibet,

307 3054 380 3099 vel
413 3054 584 3096 differri
614 3059 659 3096 et
690 3053 744 3096 de
775 3053 939 3110 quibus
970 3068 1250 3110 quorumque
1281 3058 1390 3096 totis
1428 3056 1659 3098 tenoribus
1690 3056 1744 3097 de
1773 3053 1911 3097 verbo
1943 3052 2002 3095 ad
