<?xml version="1.0" encoding="UTF-8"?>
<!DOCTYPE html PUBLIC "-//W3C//DTD XHTML 1.0 Transitional//EN"
    "http://www.w3.org/TR/xhtml1/DTD/xhtml1-transitional.dtd">
<html xmlns="http://www.w3.org/1999/xhtml" xml:lang="en" lang="en">
 <head>
  <title>
</title>
<meta http-equiv="Content-Type" content="text/html;charset=utf-8" />
  <meta name='ocr-system' content='tesseract 3.04.00' />
  <meta name='ocr-capabilities' content='ocr_page ocr_carea ocr_par ocr_line ocrx_word'/>
</head>
<body>
  <div class='ocr_page' id='page_1' title='image "./ratiostudiorumet05jesu_0066.png"; bbox 0 0 2084 3441; ppageno 0'>
   <div class='ocr_carea' id='block_1_1' title="bbox 284 150 1813 194">
    <p class='ocr_par' dir='ltr' id='par_1_1' title="bbox 284 150 1813 194">
     <span class='ocr_line' id='line_1_1' title="bbox 284 150 1813 194; baseline -0.001 -1"><span class='ocrx_word' id='word_1_1' title='bbox 284 150 343 193; x_wconf 83' lang='lat'><strong>50</strong></span> <span class='ocrx_word' id='word_1_2' title='bbox 463 157 573 194; x_wconf 83' lang='lat' dir='ltr'><strong>Ratio</strong></span> <span class='ocrx_word' id='word_1_3' title='bbox 601 156 807 194; x_wconf 84' lang='lat' dir='ltr'><strong>studiorum</strong></span> <span class='ocrx_word' id='word_1_4' title='bbox 832 159 871 193; x_wconf 88' lang='lat' dir='ltr'><strong>et</strong></span> <span class='ocrx_word' id='word_1_5' title='bbox 895 154 1149 193; x_wconf 73' lang='lat' dir='ltr'><strong>institutiones</strong></span> <span class='ocrx_word' id='word_1_6' title='bbox 1174 154 1415 192; x_wconf 76' lang='lat' dir='ltr'><strong>scholasticae</strong></span> <span class='ocrx_word' id='word_1_7' title='bbox 1439 153 1636 191; x_wconf 83' lang='lat' dir='ltr'><strong>Societatis</strong></span> <span class='ocrx_word' id='word_1_8' title='bbox 1660 153 1750 192; x_wconf 84' lang='lat' dir='ltr'><strong>Jesu</strong></span> <span class='ocrx_word' id='word_1_9' title='bbox 1773 154 1813 191; x_wconf 88' lang='lat' dir='ltr'>H</span> 
     </span>
    </p>
   </div>
   <div class='ocr_carea' id='block_1_2' title="bbox 281 274 1994 1823">
    <p class='ocr_par' dir='ltr' id='par_1_2' title="bbox 281 274 1994 1823">
     <span class='ocr_line' id='line_1_2' title="bbox 281 274 1979 336; baseline -0.002 -16"><span class='ocrx_word' id='word_1_10' title='bbox 281 277 611 336; x_wconf 86' lang='lat' dir='ltr'><strong>praestantium</strong></span> <span class='ocrx_word' id='word_1_11' title='bbox 651 276 999 332; x_wconf 86' lang='lat' dir='ltr'><strong>Theologorum.</strong></span> <span class='ocrx_word' id='word_1_12' title='bbox 1059 274 1161 316; x_wconf 89' lang='lat' dir='ltr'><strong>Hoc</strong></span> <span class='ocrx_word' id='word_1_13' title='bbox 1201 277 1353 316; x_wconf 91' lang='lat' dir='ltr'><strong>autem</strong></span> <span class='ocrx_word' id='word_1_14' title='bbox 1392 287 1534 329; x_wconf 88' lang='lat' dir='ltr'><strong>genus</strong></span> <span class='ocrx_word' id='word_1_15' title='bbox 1573 288 1847 332; x_wconf 74' lang='lat' dir='ltr'><strong>magnopere</strong></span> <span class='ocrx_word' id='word_1_16' title='bbox 1879 274 1979 331; x_wconf 89' lang='lat' dir='ltr'><strong>qui-</strong></span> 
     </span>
     <span class='ocr_line' id='line_1_3' title="bbox 283 343 1979 405; baseline -0.001 -14"><span class='ocrx_word' id='word_1_17' title='bbox 283 349 382 392; x_wconf 91' lang='lat' dir='ltr'><strong>dem</strong></span> <span class='ocrx_word' id='word_1_18' title='bbox 428 347 737 405; x_wconf 87' lang='lat' dir='ltr'><strong>recipiendum</strong></span> <span class='ocrx_word' id='word_1_19' title='bbox 784 351 868 389; x_wconf 87' lang='lat' dir='ltr'><strong>est:</strong></span> <span class='ocrx_word' id='word_1_20' title='bbox 915 346 992 388; x_wconf 89' lang='lat' dir='ltr'><strong>sed</strong></span> <span class='ocrx_word' id='word_1_21' title='bbox 1031 344 1141 401; x_wconf 89' lang='lat' dir='ltr'><strong>quid</strong></span> <span class='ocrx_word' id='word_1_22' title='bbox 1181 344 1235 386; x_wconf 89' lang='lat' dir='ltr'><strong>de</strong></span> <span class='ocrx_word' id='word_1_23' title='bbox 1273 343 1343 400; x_wconf 85' lang='lat' dir='ltr'><strong>ijs,</strong></span> <span class='ocrx_word' id='word_1_24' title='bbox 1389 358 1504 400; x_wconf 88' lang='lat' dir='ltr'><strong>quae</strong></span> <span class='ocrx_word' id='word_1_25' title='bbox 1544 344 1618 387; x_wconf 88' lang='lat' dir='ltr'><strong>vel</strong></span> <span class='ocrx_word' id='word_1_26' title='bbox 1655 345 1774 388; x_wconf 87' lang='lat' dir='ltr'><strong>inter</strong></span> <span class='ocrx_word' id='word_1_27' title='bbox 1812 360 1979 404; x_wconf 83' lang='lat' dir='ltr'><strong>paucos</strong></span> 
     </span>
     <span class='ocr_line' id='line_1_4' title="bbox 283 415 1980 473; baseline -0.002 -11"><span class='ocrx_word' id='word_1_28' title='bbox 283 424 678 463; x_wconf 86' lang='lat' dir='ltr'><strong>controuertuntur</strong></span> <span class='ocrx_word' id='word_1_29' title='bbox 723 418 987 473; x_wconf 85' lang='lat' dir='ltr'><strong>Theologos,</strong></span> <span class='ocrx_word' id='word_1_30' title='bbox 1035 416 1108 459; x_wconf 88' lang='lat' dir='ltr'><strong>vel</strong></span> <span class='ocrx_word' id='word_1_31' title='bbox 1155 415 1462 458; x_wconf 80' lang='lat' dir='ltr'><strong>communiore</strong></span> <span class='ocrx_word' id='word_1_32' title='bbox 1499 429 1592 458; x_wconf 86' lang='lat' dir='ltr'><strong>vna</strong></span> <span class='ocrx_word' id='word_1_33' title='bbox 1631 415 1843 473; x_wconf 89' lang='lat' dir='ltr'><strong>opinione</strong></span> <span class='ocrx_word' id='word_1_34' title='bbox 1887 430 1980 459; x_wconf 88' lang='lat' dir='ltr'><strong>non</strong></span> 
     </span>
     <span class='ocr_line' id='line_1_5' title="bbox 284 485 1979 545; baseline -0.002 -12"><span class='ocrx_word' id='word_1_35' title='bbox 284 495 506 545; x_wconf 81' lang='lat' dir='ltr'><strong>constant,</strong></span> <span class='ocrx_word' id='word_1_36' title='bbox 546 490 703 532; x_wconf 90' lang='lat' dir='ltr'><strong>diuisis</strong></span> <span class='ocrx_word' id='word_1_37' title='bbox 740 489 889 532; x_wconf 87' lang='lat' dir='ltr'><strong>varias</strong></span> <span class='ocrx_word' id='word_1_38' title='bbox 941 488 990 529; x_wconf 92' lang='lat' dir='ltr'><strong>in</strong></span> <span class='ocrx_word' id='word_1_39' title='bbox 1044 490 1195 544; x_wconf 85' lang='lat' dir='ltr'><strong>partes</strong></span> <span class='ocrx_word' id='word_1_40' title='bbox 1233 485 1540 529; x_wconf 85' lang='lat' dir='ltr'><strong>Doctoribus‘?</strong></span> <span class='ocrx_word' id='word_1_41' title='bbox 1593 485 1805 530; x_wconf 87' lang='lat' dir='ltr'><strong>licebitne</strong></span> <span class='ocrx_word' id='word_1_42' title='bbox 1842 486 1892 530; x_wconf 91' lang='lat' dir='ltr'><strong>in</strong></span> <span class='ocrx_word' id='word_1_43' title='bbox 1923 486 1979 544; x_wconf 85' lang='lat' dir='ltr'><strong>ijs</strong></span> 
     </span>
     <span class='ocr_line' id='line_1_6' title="bbox 285 557 1980 616; baseline -0.002 -12"><span class='ocrx_word' id='word_1_44' title='bbox 285 562 493 604; x_wconf 89' lang='lat' dir='ltr'><strong>omnibus</strong></span> <span class='ocrx_word' id='word_1_45' title='bbox 525 560 740 603; x_wconf 79' lang='lat' dir='ltr'><strong>dissensio</strong></span> <span class='ocrx_word' id='word_1_46' title='bbox 772 558 1055 601; x_wconf 79' lang='lat' dir='ltr'><strong>nostrorum?</strong></span> <span class='ocrx_word' id='word_1_47' title='bbox 1117 557 1181 599; x_wconf 86' lang='lat' dir='ltr'><strong>At</strong></span> <span class='ocrx_word' id='word_1_48' title='bbox 1213 557 1573 600; x_wconf 82' lang='lat' dir='ltr'><strong>Constitutiones</strong></span> <span class='ocrx_word' id='word_1_49' title='bbox 1598 560 1637 602; x_wconf 89' lang='lat'><strong>3.</strong></span> <span class='ocrx_word' id='word_1_50' title='bbox 1661 558 1783 600; x_wconf 89' lang='lat' dir='ltr'><strong>Part.</strong></span> <span class='ocrx_word' id='word_1_51' title='bbox 1808 559 1916 616; x_wconf 87' lang='lat' dir='ltr'><strong>Cap.</strong></span> <span class='ocrx_word' id='word_1_52' title='bbox 1940 561 1980 603; x_wconf 90' lang='lat'><strong>1.</strong></span> 
     </span>
     <span class='ocr_line' id='line_1_7' title="bbox 284 627 1980 688; baseline -0.003 -12"><span class='ocrx_word' id='word_1_53' title='bbox 284 634 376 676; x_wconf 89' lang='lat' dir='ltr'><strong>Lit.</strong></span> <span class='ocrx_word' id='word_1_54' title='bbox 412 633 490 676; x_wconf 82' lang='lat' dir='ltr'><strong>O.:</strong></span> <span class='ocrx_word' id='word_1_55' title='bbox 535 633 617 687; x_wconf 87' lang='lat' dir='ltr'><strong>„In</strong></span> <span class='ocrx_word' id='word_1_56' title='bbox 657 630 947 688; x_wconf 76' lang='lat' dir='ltr'><strong>opinionibus</strong></span> <span class='ocrx_word' id='word_1_57' title='bbox 987 628 1138 683; x_wconf 89' lang='lat' dir='ltr'><strong>etiam,</strong></span> <span class='ocrx_word' id='word_1_58' title='bbox 1180 627 1411 684; x_wconf 86' lang='lat' dir='ltr'><strong>inquiunt,</strong></span> <span class='ocrx_word' id='word_1_59' title='bbox 1455 627 1505 670; x_wconf 89' lang='lat' dir='ltr'><strong>in</strong></span> <span class='ocrx_word' id='word_1_60' title='bbox 1545 628 1709 684; x_wconf 87' lang='lat' dir='ltr'><strong>quibus</strong></span> <span class='ocrx_word' id='word_1_61' title='bbox 1751 628 1980 672; x_wconf 83' lang='lat' dir='ltr'><strong>Catholici</strong></span> 
     </span>
     <span class='ocr_line' id='line_1_8' title="bbox 286 698 1982 755; baseline -0.002 -8"><span class='ocrx_word' id='word_1_62' title='bbox 286 705 503 747; x_wconf 77' lang='lat' dir='ltr'><strong>Doctores</strong></span> <span class='ocrx_word' id='word_1_63' title='bbox 524 702 705 746; x_wconf 86' lang='lat' dir='ltr'><strong>variant</strong></span> <span class='ocrx_word' id='word_1_64' title='bbox 726 702 845 743; x_wconf 90' lang='lat' dir='ltr'><strong>inter</strong></span> <span class='ocrx_word' id='word_1_65' title='bbox 866 716 924 755; x_wconf 90' lang='lat' dir='ltr'><strong>se,</strong></span> <span class='ocrx_word' id='word_1_66' title='bbox 957 701 1029 742; x_wconf 86' lang='lat' dir='ltr'><strong>vel</strong></span> <span class='ocrx_word' id='word_1_67' title='bbox 1052 699 1263 755; x_wconf 83' lang='lat' dir='ltr'><strong>contrarij</strong></span> <span class='ocrx_word' id='word_1_68' title='bbox 1288 703 1407 754; x_wconf 91' lang='lat' dir='ltr'><strong>sunt,</strong></span> <span class='ocrx_word' id='word_1_69' title='bbox 1439 704 1492 742; x_wconf 88' lang='lat' dir='ltr'><strong>vt</strong></span> <span class='ocrx_word' id='word_1_70' title='bbox 1522 698 1816 742; x_wconf 80' lang='lat' dir='ltr'><strong>conformitas</strong></span> <span class='ocrx_word' id='word_1_71' title='bbox 1844 700 1982 743; x_wconf 89' lang='lat' dir='ltr'><strong>etiam</strong></span> 
     </span>
     <span class='ocr_line' id='line_1_9' title="bbox 286 770 1984 827; baseline -0.003 -9"><span class='ocrx_word' id='word_1_72' title='bbox 286 776 335 818; x_wconf 90' lang='lat' dir='ltr'><strong>in</strong></span> <span class='ocrx_word' id='word_1_73' title='bbox 369 775 601 818; x_wconf 81' lang='lat' dir='ltr'><strong>Societate</strong></span> <span class='ocrx_word' id='word_1_74' title='bbox 634 773 706 827; x_wconf 89' lang='lat' dir='ltr'><strong>sit,</strong></span> <span class='ocrx_word' id='word_1_75' title='bbox 740 771 989 814; x_wconf 89' lang='lat' dir='ltr'><strong>curandum</strong></span> <span class='ocrx_word' id='word_1_76' title='bbox 1021 773 1131 813; x_wconf 88' lang='lat' dir='ltr'><strong>est.“</strong></span> <span class='ocrx_word' id='word_1_77' title='bbox 1194 770 1284 820; x_wconf 89' lang='lat' dir='ltr'><strong>Qui</strong></span> <span class='ocrx_word' id='word_1_78' title='bbox 1315 770 1456 826; x_wconf 89' lang='lat' dir='ltr'><strong>locus,</strong></span> <span class='ocrx_word' id='word_1_79' title='bbox 1488 774 1597 826; x_wconf 91' lang='lat' dir='ltr'><strong>esto,</strong></span> <span class='ocrx_word' id='word_1_80' title='bbox 1628 785 1721 813; x_wconf 88' lang='lat' dir='ltr'><strong>non</strong></span> <span class='ocrx_word' id='word_1_81' title='bbox 1752 774 1898 827; x_wconf 88' lang='lat' dir='ltr'><strong>cogat,</strong></span> <span class='ocrx_word' id='word_1_82' title='bbox 1930 774 1984 815; x_wconf 82' lang='lat' dir='ltr'><strong>vt</strong></span> 
     </span>
     <span class='ocr_line' id='line_1_10' title="bbox 287 841 1984 899; baseline -0.002 -10"><span class='ocrx_word' id='word_1_83' title='bbox 287 847 439 889; x_wconf 88' lang='lat' dir='ltr'><strong>omm&#39;a</strong></span> <span class='ocrx_word' id='word_1_84' title='bbox 470 845 526 887; x_wconf 88' lang='lat' dir='ltr'><strong>ad</strong></span> <span class='ocrx_word' id='word_1_85' title='bbox 558 843 783 899; x_wconf 84' lang='lat' dir='ltr'><strong>liquidum</strong></span> <span class='ocrx_word' id='word_1_86' title='bbox 815 843 907 884; x_wconf 89' lang='lat' dir='ltr'><strong>sint</strong></span> <span class='ocrx_word' id='word_1_87' title='bbox 939 842 1128 884; x_wconf 85' lang='lat' dir='ltr'><strong>definita</strong></span> <span class='ocrx_word' id='word_1_88' title='bbox 1159 841 1453 896; x_wconf 89' lang='lat' dir='ltr'><strong>concorditer,</strong></span> <span class='ocrx_word' id='word_1_89' title='bbox 1492 856 1585 884; x_wconf 88' lang='lat' dir='ltr'><strong>non</strong></span> <span class='ocrx_word' id='word_1_90' title='bbox 1615 842 1789 899; x_wconf 88' lang='lat' dir='ltr'><strong>patitur</strong></span> <span class='ocrx_word' id='word_1_91' title='bbox 1828 846 1984 885; x_wconf 87' lang='lat' dir='ltr'><strong>tamen</strong></span> 
     </span>
     <span class='ocr_line' id='line_1_11' title="bbox 286 912 1984 970; baseline -0.002 -11"><span class='ocrx_word' id='word_1_92' title='bbox 286 918 522 960; x_wconf 80' lang='lat' dir='ltr'><strong>laxitatem</strong></span> <span class='ocrx_word' id='word_1_93' title='bbox 569 919 758 968; x_wconf 86' lang='lat' dir='ltr'><strong>tantam,</strong></span> <span class='ocrx_word' id='word_1_94' title='bbox 805 917 857 956; x_wconf 90' lang='lat' dir='ltr'><strong>ut</strong></span> <span class='ocrx_word' id='word_1_95' title='bbox 902 917 1080 970; x_wconf 88' lang='lat' dir='ltr'><strong>praeter</strong></span> <span class='ocrx_word' id='word_1_96' title='bbox 1118 912 1447 955; x_wconf 86' lang='lat' dir='ltr'><strong>communiores</strong></span> <span class='ocrx_word' id='word_1_97' title='bbox 1487 913 1732 955; x_wconf 88' lang='lat' dir='ltr'><strong>sententias</strong></span> <span class='ocrx_word' id='word_1_98' title='bbox 1774 917 1984 969; x_wconf 86' lang='lat' dir='ltr'><strong>caeterae,</strong></span> 
     </span>
     <span class='ocr_line' id='line_1_12' title="bbox 289 983 1984 1044; baseline -0.002 -14"><span class='ocrx_word' id='word_1_99' title='bbox 289 1003 403 1044; x_wconf 88' lang='lat' dir='ltr'><strong>quae</strong></span> <span class='ocrx_word' id='word_1_100' title='bbox 436 990 542 1029; x_wconf 84' lang='lat' dir='ltr'><strong>sunt</strong></span> <span class='ocrx_word' id='word_1_101' title='bbox 572 986 664 1027; x_wconf 88' lang='lat' dir='ltr'><strong>illis</strong></span> <span class='ocrx_word' id='word_1_102' title='bbox 695 986 831 1040; x_wconf 89' lang='lat' dir='ltr'><strong>longe</strong></span> <span class='ocrx_word' id='word_1_103' title='bbox 861 985 1024 1041; x_wconf 89' lang='lat' dir='ltr'><strong>plures,</strong></span> <span class='ocrx_word' id='word_1_104' title='bbox 1064 983 1383 1026; x_wconf 86' lang='lat' dir='ltr'><strong>dissidentium</strong></span> <span class='ocrx_word' id='word_1_105' title='bbox 1416 983 1603 1026; x_wconf 89' lang='lat' dir='ltr'><strong>arbitrio</strong></span> <span class='ocrx_word' id='word_1_106' title='bbox 1648 984 1984 1041; x_wconf 86' lang='lat' dir='ltr'><strong>permittantur.</strong></span> 
     </span>
     <span class='ocr_line' id='line_1_13' title="bbox 288 1054 1987 1111; baseline -0.002 -10"><span class='ocrx_word' id='word_1_107' title='bbox 288 1060 392 1101; x_wconf 90' lang='lat' dir='ltr'><strong>Huc</strong></span> <span class='ocrx_word' id='word_1_108' title='bbox 424 1056 609 1110; x_wconf 90' lang='lat' dir='ltr'><strong>accedit,</strong></span> <span class='ocrx_word' id='word_1_109' title='bbox 644 1055 778 1111; x_wconf 83' lang='lat' dir='ltr'><strong>quod,</strong></span> <span class='ocrx_word' id='word_1_110' title='bbox 818 1055 856 1096; x_wconf 91' lang='lat' dir='ltr'><strong>si</strong></span> <span class='ocrx_word' id='word_1_111' title='bbox 895 1055 1254 1097; x_wconf 82' lang='lat' dir='ltr'><strong>communiorum</strong></span> <span class='ocrx_word' id='word_1_112' title='bbox 1299 1054 1538 1097; x_wconf 84' lang='lat' dir='ltr'><strong>dumtaxat</strong></span> <span class='ocrx_word' id='word_1_113' title='bbox 1574 1055 1655 1097; x_wconf 87' lang='lat' dir='ltr'><strong>fiat</strong></span> <span class='ocrx_word' id='word_1_114' title='bbox 1697 1055 1896 1098; x_wconf 89' lang='lat' dir='ltr'><strong>delectus</strong></span> <span class='ocrx_word' id='word_1_115' title='bbox 1935 1071 1987 1098; x_wconf 86' lang='lat' dir='ltr'><strong>ac</strong></span> 
     </span>
     <span class='ocr_line' id='line_1_14' title="bbox 288 1125 1987 1183; baseline -0.001 -12"><span class='ocrx_word' id='word_1_116' title='bbox 288 1127 506 1181; x_wconf 81' lang='lat' dir='ltr'><strong>definitio,</strong></span> <span class='ocrx_word' id='word_1_117' title='bbox 535 1141 627 1168; x_wconf 89' lang='lat' dir='ltr'><strong>non</strong></span> <span class='ocrx_word' id='word_1_118' title='bbox 644 1125 848 1168; x_wconf 89' lang='lat' dir='ltr'><strong>modicus</strong></span> <span class='ocrx_word' id='word_1_119' title='bbox 878 1125 984 1167; x_wconf 88' lang='lat' dir='ltr'><strong>inde</strong></span> <span class='ocrx_word' id='word_1_120' title='bbox 1016 1140 1229 1168; x_wconf 89' lang='lat' dir='ltr'><strong>numerus</strong></span> <span class='ocrx_word' id='word_1_121' title='bbox 1261 1130 1549 1181; x_wconf 84' lang='lat' dir='ltr'><strong>excresceret,</strong></span> <span class='ocrx_word' id='word_1_122' title='bbox 1582 1141 1683 1168; x_wconf 91' lang='lat' dir='ltr'><strong>cum</strong></span> <span class='ocrx_word' id='word_1_123' title='bbox 1710 1127 1759 1169; x_wconf 90' lang='lat' dir='ltr'><strong>in</strong></span> <span class='ocrx_word' id='word_1_124' title='bbox 1793 1126 1987 1183; x_wconf 86' lang='lat' dir='ltr'><strong>singulis</strong></span> 
     </span>
     <span class='ocr_line' id='line_1_15' title="bbox 287 1196 1987 1257; baseline -0.002 -16"><span class='ocrx_word' id='word_1_125' title='bbox 287 1214 426 1257; x_wconf 87' lang='lat' dir='ltr'><strong>prope</strong></span> <span class='ocrx_word' id='word_1_126' title='bbox 459 1197 658 1253; x_wconf 83' lang='lat' dir='ltr'><strong>materijs</strong></span> <span class='ocrx_word' id='word_1_127' title='bbox 679 1197 837 1252; x_wconf 25' lang='lat' dir='ltr'><strong>aliqua·</strong></span> <span class='ocrx_word' id='word_1_128' title='bbox 852 1201 1057 1239; x_wconf 87' lang='lat' dir='ltr'><strong>occurrat</strong></span> <span class='ocrx_word' id='word_1_129' title='bbox 1080 1196 1314 1252; x_wconf 89' lang='lat' dir='ltr'><strong>eiusmodi,</strong></span> <span class='ocrx_word' id='word_1_130' title='bbox 1347 1201 1392 1239; x_wconf 88' lang='lat' dir='ltr'><strong>et</strong></span> <span class='ocrx_word' id='word_1_131' title='bbox 1413 1197 1564 1254; x_wconf 90' lang='lat' dir='ltr'><strong>plures</strong></span> <span class='ocrx_word' id='word_1_132' title='bbox 1584 1197 1689 1238; x_wconf 92' lang='lat' dir='ltr'><strong>illae</strong></span> <span class='ocrx_word' id='word_1_133' title='bbox 1712 1196 1816 1251; x_wconf 89' lang='lat' dir='ltr'><strong>sint,</strong></span> <span class='ocrx_word' id='word_1_134' title='bbox 1851 1211 1987 1253; x_wconf 89' lang='lat' dir='ltr'><strong>quam</strong></span> 
     </span>
     <span class='ocr_line' id='line_1_16' title="bbox 288 1267 1986 1325; baseline -0.002 -12"><span class='ocrx_word' id='word_1_135' title='bbox 288 1270 520 1313; x_wconf 86' lang='lat' dir='ltr'><strong>nonnullis</strong></span> <span class='ocrx_word' id='word_1_136' title='bbox 552 1268 697 1311; x_wconf 86' lang='lat' dir='ltr'><strong>videri</strong></span> <span class='ocrx_word' id='word_1_137' title='bbox 729 1268 917 1324; x_wconf 86' lang='lat' dir='ltr'><strong>possint.</strong></span> <span class='ocrx_word' id='word_1_138' title='bbox 980 1268 1035 1310; x_wconf 90' lang='lat' dir='ltr'><strong>Id</strong></span> <span class='ocrx_word' id='word_1_139' title='bbox 1067 1268 1188 1324; x_wconf 87' lang='lat' dir='ltr'><strong>quod</strong></span> <span class='ocrx_word' id='word_1_140' title='bbox 1207 1272 1258 1310; x_wconf 87' lang='lat' dir='ltr'><strong>vt</strong></span> <span class='ocrx_word' id='word_1_141' title='bbox 1280 1267 1498 1325; x_wconf 82' lang='lat' dir='ltr'><strong>exemplis</strong></span> <span class='ocrx_word' id='word_1_142' title='bbox 1521 1267 1659 1310; x_wconf 86' lang='lat' dir='ltr'><strong>etiam</strong></span> <span class='ocrx_word' id='word_1_143' title='bbox 1680 1268 1870 1325; x_wconf 89' lang='lat' dir='ltr'><strong>planum</strong></span> <span class='ocrx_word' id='word_1_144' title='bbox 1891 1268 1986 1323; x_wconf 92' lang='lat' dir='ltr'><strong>fiat,</strong></span> 
     </span>
     <span class='ocr_line' id='line_1_17' title="bbox 289 1339 1988 1396; baseline -0.001 -12"><span class='ocrx_word' id='word_1_145' title='bbox 289 1342 525 1385; x_wconf 86' lang='lat' dir='ltr'><strong>definitum</strong></span> <span class='ocrx_word' id='word_1_146' title='bbox 566 1344 645 1393; x_wconf 91' lang='lat' dir='ltr'><strong>est,</strong></span> <span class='ocrx_word' id='word_1_147' title='bbox 677 1339 983 1381; x_wconf 86' lang='lat' dir='ltr'><strong>infallibiliter</strong></span> <span class='ocrx_word' id='word_1_148' title='bbox 1014 1354 1039 1381; x_wconf 86' lang='lat' dir='ltr'><strong>a</strong></span> <span class='ocrx_word' id='word_1_149' title='bbox 1079 1340 1176 1381; x_wconf 86' lang='lat' dir='ltr'><strong>Deo</strong></span> <span class='ocrx_word' id='word_1_150' title='bbox 1213 1339 1536 1396; x_wconf 88' lang='lat' dir='ltr'><strong>praecognosci</strong></span> <span class='ocrx_word' id='word_1_151' title='bbox 1575 1354 1669 1382; x_wconf 88' lang='lat' dir='ltr'><strong>non</strong></span> <span class='ocrx_word' id='word_1_152' title='bbox 1706 1339 1841 1382; x_wconf 91' lang='lat' dir='ltr'><strong>modo</strong></span> <span class='ocrx_word' id='word_1_153' title='bbox 1874 1354 1988 1396; x_wconf 86' lang='lat' dir='ltr'><strong>quae</strong></span> 
     </span>
     <span class='ocr_line' id='line_1_18' title="bbox 287 1408 1988 1467; baseline -0.001 -12"><span class='ocrx_word' id='word_1_154' title='bbox 287 1414 442 1455; x_wconf 85' lang='lat' dir='ltr'><strong>futura</strong></span> <span class='ocrx_word' id='word_1_155' title='bbox 474 1416 580 1453; x_wconf 87' lang='lat' dir='ltr'><strong>sunt</strong></span> <span class='ocrx_word' id='word_1_156' title='bbox 612 1414 729 1464; x_wconf 89' lang='lat' dir='ltr'><strong>actu,</strong></span> <span class='ocrx_word' id='word_1_157' title='bbox 775 1410 851 1452; x_wconf 88' lang='lat' dir='ltr'><strong>sed</strong></span> <span class='ocrx_word' id='word_1_158' title='bbox 883 1410 1020 1452; x_wconf 90' lang='lat' dir='ltr'><strong>etiam</strong></span> <span class='ocrx_word' id='word_1_159' title='bbox 1053 1410 1102 1452; x_wconf 89' lang='lat' dir='ltr'><strong>in</strong></span> <span class='ocrx_word' id='word_1_160' title='bbox 1133 1410 1202 1466; x_wconf 80' lang='lat' dir='ltr'><strong>ijs,</strong></span> <span class='ocrx_word' id='word_1_161' title='bbox 1251 1426 1366 1467; x_wconf 85' lang='lat' dir='ltr'><strong>quae</strong></span> <span class='ocrx_word' id='word_1_162' title='bbox 1405 1425 1640 1466; x_wconf 87' lang='lat' dir='ltr'><strong>nunquam</strong></span> <span class='ocrx_word' id='word_1_163' title='bbox 1681 1408 1837 1453; x_wconf 88' lang='lat' dir='ltr'><strong>futura</strong></span> <span class='ocrx_word' id='word_1_164' title='bbox 1868 1415 1988 1466; x_wconf 87' lang='lat' dir='ltr'><strong>sunt,</strong></span> 
     </span>
     <span class='ocr_line' id='line_1_19' title="bbox 289 1480 1992 1541; baseline -0.001 -15"><span class='ocrx_word' id='word_1_165' title='bbox 289 1484 399 1541; x_wconf 90' lang='lat' dir='ltr'><strong>quid</strong></span> <span class='ocrx_word' id='word_1_166' title='bbox 431 1483 595 1539; x_wconf 86' lang='lat' dir='ltr'><strong>quibus</strong></span> <span class='ocrx_word' id='word_1_167' title='bbox 626 1481 786 1539; x_wconf 87' lang='lat' dir='ltr'><strong>positis</strong></span> <span class='ocrx_word' id='word_1_168' title='bbox 817 1481 1022 1524; x_wconf 82' lang='lat' dir='ltr'><strong>futurum</strong></span> <span class='ocrx_word' id='word_1_169' title='bbox 1055 1486 1183 1536; x_wconf 89' lang='lat' dir='ltr'><strong>esset,</strong></span> <span class='ocrx_word' id='word_1_170' title='bbox 1218 1482 1354 1524; x_wconf 91' lang='lat' dir='ltr'><strong>etiam</strong></span> <span class='ocrx_word' id='word_1_171' title='bbox 1395 1481 1445 1523; x_wconf 88' lang='lat' dir='ltr'><strong>in</strong></span> <span class='ocrx_word' id='word_1_172' title='bbox 1482 1481 1636 1523; x_wconf 90' lang='lat' dir='ltr'><strong>liberis</strong></span> <span class='ocrx_word' id='word_1_173' title='bbox 1675 1480 1861 1537; x_wconf 75' lang='lat' dir='ltr'><strong>actibus,</strong></span> <span class='ocrx_word' id='word_1_174' title='bbox 1904 1481 1992 1524; x_wconf 87' lang='lat' dir='ltr'><strong>hoc</strong></span> 
     </span>
     <span class='ocr_line' id='line_1_20' title="bbox 290 1552 1992 1609; baseline -0.001 -12"><span class='ocrx_word' id='word_1_175' title='bbox 290 1560 369 1609; x_wconf 88' lang='lat' dir='ltr'><strong>est,</strong></span> <span class='ocrx_word' id='word_1_176' title='bbox 401 1553 708 1596; x_wconf 83' lang='lat' dir='ltr'><strong>infallibiliter</strong></span> <span class='ocrx_word' id='word_1_177' title='bbox 739 1567 764 1594; x_wconf 88' lang='lat' dir='ltr'><strong>a</strong></span> <span class='ocrx_word' id='word_1_178' title='bbox 797 1553 891 1594; x_wconf 92' lang='lat' dir='ltr'><strong>Deo</strong></span> <span class='ocrx_word' id='word_1_179' title='bbox 924 1553 1248 1609; x_wconf 88' lang='lat' dir='ltr'><strong>praecognosci</strong></span> <span class='ocrx_word' id='word_1_180' title='bbox 1274 1553 1328 1594; x_wconf 88' lang='lat' dir='ltr'><strong>de</strong></span> <span class='ocrx_word' id='word_1_181' title='bbox 1356 1552 1558 1608; x_wconf 88' lang='lat' dir='ltr'><strong>qualibet</strong></span> <span class='ocrx_word' id='word_1_182' title='bbox 1579 1553 1817 1596; x_wconf 86' lang='lat' dir='ltr'><strong>voluntate</strong></span> <span class='ocrx_word' id='word_1_183' title='bbox 1841 1557 1992 1596; x_wconf 86' lang='lat' dir='ltr'><strong>creata</strong></span> 
     </span>
     <span class='ocr_line' id='line_1_21' title="bbox 291 1624 1992 1681; baseline -0.001 -13"><span class='ocrx_word' id='word_1_184' title='bbox 291 1625 618 1668; x_wconf 85' lang='lat' dir='ltr'><strong>conditionales</strong></span> <span class='ocrx_word' id='word_1_185' title='bbox 650 1624 731 1665; x_wconf 86' lang='lat' dir='ltr'><strong>has</strong></span> <span class='ocrx_word' id='word_1_186' title='bbox 762 1624 1101 1681; x_wconf 88' lang='lat' dir='ltr'><strong>propositiones.</strong></span> <span class='ocrx_word' id='word_1_187' title='bbox 1151 1624 1199 1668; x_wconf 81' lang='lat' dir='ltr'><strong>Si</strong></span> <span class='ocrx_word' id='word_1_188' title='bbox 1231 1624 1342 1666; x_wconf 89' lang='lat' dir='ltr'><strong>haec</strong></span> <span class='ocrx_word' id='word_1_189' title='bbox 1374 1630 1650 1681; x_wconf 88' lang='lat' dir='ltr'><strong>ponerentur</strong></span> <span class='ocrx_word' id='word_1_190' title='bbox 1679 1628 1724 1666; x_wconf 89' lang='lat' dir='ltr'><strong>et</strong></span> <span class='ocrx_word' id='word_1_191' title='bbox 1754 1624 1848 1677; x_wconf 89' lang='lat' dir='ltr'><strong>illa,</strong></span> <span class='ocrx_word' id='word_1_192' title='bbox 1881 1624 1992 1668; x_wconf 86' lang='lat' dir='ltr'><strong>haec</strong></span> 
     </span>
     <span class='ocr_line' id='line_1_22' title="bbox 290 1695 1993 1753; baseline -0.001 -13"><span class='ocrx_word' id='word_1_193' title='bbox 290 1698 503 1740; x_wconf 85' lang='lat' dir='ltr'><strong>voluntas</strong></span> <span class='ocrx_word' id='word_1_194' title='bbox 548 1711 593 1738; x_wconf 87' lang='lat' dir='ltr'><strong>se</strong></span> <span class='ocrx_word' id='word_1_195' title='bbox 628 1695 766 1737; x_wconf 88' lang='lat' dir='ltr'><strong>libere</strong></span> <span class='ocrx_word' id='word_1_196' title='bbox 806 1695 1124 1737; x_wconf 82' lang='lat' dir='ltr'><strong>determinaret</strong></span> <span class='ocrx_word' id='word_1_197' title='bbox 1161 1695 1210 1737; x_wconf 89' lang='lat' dir='ltr'><strong>in</strong></span> <span class='ocrx_word' id='word_1_198' title='bbox 1247 1695 1364 1738; x_wconf 90' lang='lat' dir='ltr'><strong>hanc</strong></span> <span class='ocrx_word' id='word_1_199' title='bbox 1396 1699 1570 1753; x_wconf 87' lang='lat' dir='ltr'><strong>partem</strong></span> <span class='ocrx_word' id='word_1_200' title='bbox 1603 1696 1993 1739; x_wconf 88' lang='lat' dir='ltr'><strong>contradictionis.</strong></span> 
     </span>
     <span class='ocr_line' id='line_1_23' title="bbox 295 1766 1994 1823; baseline -0.001 -13"><span class='ocrx_word' id='word_1_201' title='bbox 295 1794 343 1798; x_wconf 84' lang='lat'><em>-</em></span> <span class='ocrx_word' id='word_1_202' title='bbox 382 1766 539 1811; x_wconf 87' lang='lat' dir='ltr'><strong>Videri</strong></span> <span class='ocrx_word' id='word_1_203' title='bbox 571 1770 722 1823; x_wconf 88' lang='lat' dir='ltr'><strong>posset</strong></span> <span class='ocrx_word' id='word_1_204' title='bbox 742 1767 854 1808; x_wconf 87' lang='lat' dir='ltr'><strong>haec</strong></span> <span class='ocrx_word' id='word_1_205' title='bbox 877 1766 1030 1823; x_wconf 86' lang='lat' dir='ltr'><strong>opinio</strong></span> <span class='ocrx_word' id='word_1_206' title='bbox 1067 1767 1315 1823; x_wconf 82' lang='lat' dir='ltr'><strong>singularis</strong></span> <span class='ocrx_word' id='word_1_207' title='bbox 1346 1767 1569 1821; x_wconf 85' lang='lat' dir='ltr'><strong>Durandi‚</strong></span> <span class='ocrx_word' id='word_1_208' title='bbox 1603 1767 1682 1823; x_wconf 87' lang='lat' dir='ltr'><strong>qui</strong></span> <span class='ocrx_word' id='word_1_209' title='bbox 1705 1772 1742 1811; x_wconf 98' lang='grc'><strong>1.</strong></span> <span class='ocrx_word' id='word_1_210' title='bbox 1764 1767 1888 1811; x_wconf 78' lang='lat' dir='ltr'><strong>Sent.</strong></span> <span class='ocrx_word' id='word_1_211' title='bbox 1914 1767 1994 1810; x_wconf 92' lang='lat' dir='ltr'><strong>Di-</strong></span> 
     </span>
    </p>
   </div>
   <div class='ocr_carea' id='block_1_3' title="bbox 267 1837 1994 1895">
    <p class='ocr_par' dir='ltr' id='par_1_3' title="bbox 267 1837 1994 1895">
     <span class='ocr_line' id='line_1_24' title="bbox 267 1837 1994 1895; baseline -0.001 -12"><span class='ocrx_word' id='word_1_212' title='bbox 267 1839 452 1883; x_wconf 88' lang='lat' dir='ltr'><strong>.stinct.</strong></span> <span class='ocrx_word' id='word_1_213' title='bbox 474 1838 758 1895; x_wconf 68' lang='lat' dir='ltr'><strong>38.{Quaest.</strong></span> <span class='ocrx_word' id='word_1_214' title='bbox 779 1840 820 1882; x_wconf 85' lang='lat'><strong>3.</strong></span> <span class='ocrx_word' id='word_1_215' title='bbox 854 1837 996 1892; x_wconf 88' lang='lat' dir='ltr'><strong>docet,</strong></span> <span class='ocrx_word' id='word_1_216' title='bbox 1029 1853 1084 1880; x_wconf 86' lang='lat' dir='ltr'><strong>ex</strong></span> <span class='ocrx_word' id='word_1_217' title='bbox 1116 1853 1181 1893; x_wconf 92' lang='lat' dir='ltr'><strong>eo,</strong></span> <span class='ocrx_word' id='word_1_218' title='bbox 1215 1838 1337 1894; x_wconf 86' lang='lat' dir='ltr'><strong>quod</strong></span> <span class='ocrx_word' id='word_1_219' title='bbox 1369 1837 1456 1880; x_wconf 87' lang='lat' dir='ltr'><strong>Dei</strong></span> <span class='ocrx_word' id='word_1_220' title='bbox 1488 1838 1902 1895; x_wconf 86' lang='lat' dir='ltr'><strong>perspicacissimus</strong></span> <span class='ocrx_word' id='word_1_221' title='bbox 1924 1839 1994 1881; x_wconf 90' lang='lat' dir='ltr'><strong>in-</strong></span> 
     </span>
    </p>
   </div>
   <div class='ocr_carea' id='block_1_4' title="bbox 291 1909 1999 3103">
    <p class='ocr_par' dir='ltr' id='par_1_4' title="bbox 291 1909 1999 3103">
     <span class='ocr_line' id='line_1_25' title="bbox 291 1909 1994 1967; baseline 0.001 -15"><span class='ocrx_word' id='word_1_222' title='bbox 291 1911 497 1952; x_wconf 87' lang='lat' dir='ltr'><strong>tellectus</strong></span> <span class='ocrx_word' id='word_1_223' title='bbox 529 1914 734 1967; x_wconf 84' lang='lat' dir='ltr'><strong>penetrat</strong></span> <span class='ocrx_word' id='word_1_224' title='bbox 766 1917 857 1950; x_wconf 86' lang='lat' dir='ltr'><strong>tam</strong></span> <span class='ocrx_word' id='word_1_225' title='bbox 894 1924 1052 1951; x_wconf 88' lang='lat' dir='ltr'><strong>causae</strong></span> <span class='ocrx_word' id='word_1_226' title='bbox 1083 1909 1250 1951; x_wconf 86' lang='lat' dir='ltr'><strong>liberae</strong></span> <span class='ocrx_word' id='word_1_227' title='bbox 1282 1914 1493 1952; x_wconf 87' lang='lat' dir='ltr'><strong>naturam</strong></span> <span class='ocrx_word' id='word_1_228' title='bbox 1526 1909 1709 1966; x_wconf 87' lang='lat' dir='ltr'><strong>eiusque</strong></span> <span class='ocrx_word' id='word_1_229' title='bbox 1741 1924 1894 1953; x_wconf 87' lang='lat' dir='ltr'><strong>omnes</strong></span> <span class='ocrx_word' id='word_1_230' title='bbox 1926 1911 1994 1953; x_wconf 90' lang='lat' dir='ltr'><strong>in-</strong></span> 
     </span>
     <span class='ocr_line' id='line_1_26' title="bbox 294 1980 1994 2037; baseline 0.001 -14"><span class='ocrx_word' id='word_1_231' title='bbox 294 1981 574 2035; x_wconf 85' lang='lat' dir='ltr'><strong>clinationes,</strong></span> <span class='ocrx_word' id='word_1_232' title='bbox 609 1995 744 2036; x_wconf 86' lang='lat' dir='ltr'><strong>quam</strong></span> <span class='ocrx_word' id='word_1_233' title='bbox 777 1994 1044 2022; x_wconf 89' lang='lat' dir='ltr'><strong>concursum</strong></span> <span class='ocrx_word' id='word_1_234' title='bbox 1076 1982 1280 2023; x_wconf 90' lang='lat' dir='ltr'><strong>omnium</strong></span> <span class='ocrx_word' id='word_1_235' title='bbox 1312 1980 1506 2023; x_wconf 87' lang='lat' dir='ltr'><strong>aliarum</strong></span> <span class='ocrx_word' id='word_1_236' title='bbox 1538 1995 1789 2036; x_wconf 88' lang='lat' dir='ltr'><strong>causarum,</strong></span> <span class='ocrx_word' id='word_1_237' title='bbox 1829 1996 1855 2023; x_wconf 88' lang='lat' dir='ltr'><strong>a</strong></span> <span class='ocrx_word' id='word_1_238' title='bbox 1896 1981 1994 2037; x_wconf 88' lang='lat' dir='ltr'><strong>qui-</strong></span> 
     </span>
     <span class='ocr_line' id='line_1_27' title="bbox 295 2051 1995 2109; baseline -0.001 -14"><span class='ocrx_word' id='word_1_239' title='bbox 295 2053 377 2095; x_wconf 89' lang='lat' dir='ltr'><strong>bus</strong></span> <span class='ocrx_word' id='word_1_240' title='bbox 409 2051 617 2109; x_wconf 79' lang='lat' dir='ltr'><strong>impediri</strong></span> <span class='ocrx_word' id='word_1_241' title='bbox 648 2052 861 2093; x_wconf 86' lang='lat' dir='ltr'><strong>voluntas</strong></span> <span class='ocrx_word' id='word_1_242' title='bbox 884 2052 956 2093; x_wconf 83' lang='lat' dir='ltr'><strong>vel</strong></span> <span class='ocrx_word' id='word_1_243' title='bbox 987 2051 1198 2093; x_wconf 89' lang='lat' dir='ltr'><strong>inclinari</strong></span> <span class='ocrx_word' id='word_1_244' title='bbox 1229 2057 1391 2108; x_wconf 88' lang='lat' dir='ltr'><strong>potest,</strong></span> <span class='ocrx_word' id='word_1_245' title='bbox 1424 2052 1731 2094; x_wconf 86' lang='lat' dir='ltr'><strong>infallibiliter</strong></span> <span class='ocrx_word' id='word_1_246' title='bbox 1746 2051 1912 2107; x_wconf 86' lang='lat' dir='ltr'><strong>videre,</strong></span> <span class='ocrx_word' id='word_1_247' title='bbox 1944 2052 1995 2094; x_wconf 90' lang='lat' dir='ltr'><strong>in</strong></span> 
     </span>
     <span class='ocr_line' id='line_1_28' title="bbox 295 2122 1995 2180; baseline 0.001 -15"><span class='ocrx_word' id='word_1_248' title='bbox 295 2139 431 2179; x_wconf 88' lang='lat' dir='ltr'><strong>quam</strong></span> <span class='ocrx_word' id='word_1_249' title='bbox 461 2128 635 2180; x_wconf 88' lang='lat' dir='ltr'><strong>partem</strong></span> <span class='ocrx_word' id='word_1_250' title='bbox 668 2122 1041 2164; x_wconf 76' lang='lat' dir='ltr'><strong>contradictionis</strong></span> <span class='ocrx_word' id='word_1_251' title='bbox 1075 2138 1120 2165; x_wconf 90' lang='lat' dir='ltr'><strong>se</strong></span> <span class='ocrx_word' id='word_1_252' title='bbox 1140 2122 1279 2165; x_wconf 87' lang='lat' dir='ltr'><strong>libere</strong></span> <span class='ocrx_word' id='word_1_253' title='bbox 1301 2123 1654 2165; x_wconf 88' lang='lat' dir='ltr'><strong>determinatura</strong></span> <span class='ocrx_word' id='word_1_254' title='bbox 1676 2123 1748 2166; x_wconf 88' lang='lat' dir='ltr'><strong>sit.</strong></span> <span class='ocrx_word' id='word_1_255' title='bbox 1810 2124 1882 2165; x_wconf 84' lang='lat' dir='ltr'><strong>Ex</strong></span> <span class='ocrx_word' id='word_1_256' title='bbox 1906 2139 1995 2180; x_wconf 90' lang='lat' dir='ltr'><strong>qua</strong></span> 
     </span>
     <span class='ocr_line' id='line_1_29' title="bbox 296 2193 1995 2252; baseline 0.001 -16"><span class='ocrx_word' id='word_1_257' title='bbox 296 2194 504 2236; x_wconf 88' lang='lat' dir='ltr'><strong>Durandi</strong></span> <span class='ocrx_word' id='word_1_258' title='bbox 545 2193 755 2250; x_wconf 89' lang='lat' dir='ltr'><strong>opinione</strong></span> <span class='ocrx_word' id='word_1_259' title='bbox 796 2208 1070 2249; x_wconf 87' lang='lat' dir='ltr'><strong>consequens</strong></span> <span class='ocrx_word' id='word_1_260' title='bbox 1110 2199 1189 2248; x_wconf 87' lang='lat' dir='ltr'><strong>est,</strong></span> <span class='ocrx_word' id='word_1_261' title='bbox 1239 2195 1356 2237; x_wconf 90' lang='lat' dir='ltr'><strong>sicut</strong></span> <span class='ocrx_word' id='word_1_262' title='bbox 1395 2209 1449 2236; x_wconf 82' lang='lat' dir='ltr'><strong>ex</strong></span> <span class='ocrx_word' id='word_1_263' title='bbox 1496 2199 1728 2252; x_wconf 88' lang='lat' dir='ltr'><strong>perspecta</strong></span> <span class='ocrx_word' id='word_1_264' title='bbox 1772 2195 1995 2250; x_wconf 89' lang='lat' dir='ltr'><strong>qualitate</strong></span> 
     </span>
     <span class='ocr_line' id='line_1_30' title="bbox 296 2265 1997 2322; baseline 0.001 -15"><span class='ocrx_word' id='word_1_265' title='bbox 296 2265 546 2307; x_wconf 87' lang='lat' dir='ltr'><strong>voluntatis</strong></span> <span class='ocrx_word' id='word_1_266' title='bbox 593 2265 871 2320; x_wconf 83' lang='lat' dir='ltr'><strong>aliarumque</strong></span> <span class='ocrx_word' id='word_1_267' title='bbox 915 2280 1162 2320; x_wconf 89' lang='lat' dir='ltr'><strong>causarum,</strong></span> <span class='ocrx_word' id='word_1_268' title='bbox 1211 2280 1325 2322; x_wconf 88' lang='lat' dir='ltr'><strong>quae</strong></span> <span class='ocrx_word' id='word_1_269' title='bbox 1371 2271 1477 2307; x_wconf 88' lang='lat' dir='ltr'><strong>actu</strong></span> <span class='ocrx_word' id='word_1_270' title='bbox 1523 2270 1668 2320; x_wconf 89' lang='lat' dir='ltr'><strong>erunt,</strong></span> <span class='ocrx_word' id='word_1_271' title='bbox 1715 2270 1838 2308; x_wconf 87' lang='lat' dir='ltr'><strong>certo</strong></span> <span class='ocrx_word' id='word_1_272' title='bbox 1868 2266 1997 2309; x_wconf 89' lang='lat' dir='ltr'><strong>videt</strong></span> 
     </span>
     <span class='ocr_line' id='line_1_31' title="bbox 297 2336 1995 2393; baseline 0.002 -16"><span class='ocrx_word' id='word_1_273' title='bbox 297 2337 432 2391; x_wconf 89' lang='lat' dir='ltr'><strong>Deus,</strong></span> <span class='ocrx_word' id='word_1_274' title='bbox 473 2336 584 2392; x_wconf 86' lang='lat' dir='ltr'><strong>quid</strong></span> <span class='ocrx_word' id='word_1_275' title='bbox 616 2336 821 2378; x_wconf 87' lang='lat' dir='ltr'><strong>futurum</strong></span> <span class='ocrx_word' id='word_1_276' title='bbox 853 2336 912 2378; x_wconf 87' lang='lat' dir='ltr'><strong>sit</strong></span> <span class='ocrx_word' id='word_1_277' title='bbox 945 2342 1064 2391; x_wconf 88' lang='lat' dir='ltr'><strong>actu,</strong></span> <span class='ocrx_word' id='word_1_278' title='bbox 1105 2342 1224 2379; x_wconf 89' lang='lat' dir='ltr'><strong>certo</strong></span> <span class='ocrx_word' id='word_1_279' title='bbox 1266 2336 1402 2379; x_wconf 87' lang='lat' dir='ltr'><strong>etiam</strong></span> <span class='ocrx_word' id='word_1_280' title='bbox 1432 2336 1599 2391; x_wconf 79' lang='lat' dir='ltr'><strong>videre,</strong></span> <span class='ocrx_word' id='word_1_281' title='bbox 1641 2336 1751 2393; x_wconf 84' lang='lat' dir='ltr'><strong>quid</strong></span> <span class='ocrx_word' id='word_1_282' title='bbox 1790 2337 1995 2380; x_wconf 87' lang='lat' dir='ltr'><strong>futurum</strong></span> 
     </span>
     <span class='ocr_line' id='line_1_32' title="bbox 298 2397 1995 2463; baseline 0.002 -15"><span class='ocrx_word' id='word_1_283' title='bbox 298 2414 422 2461; x_wconf 87' lang='lat' dir='ltr'><strong>esset,</strong></span> <span class='ocrx_word' id='word_1_284' title='bbox 456 2408 494 2449; x_wconf 93' lang='lat' dir='ltr'><strong>si</strong></span> <span class='ocrx_word' id='word_1_285' title='bbox 525 2408 630 2449; x_wconf 85' lang='lat' dir='ltr'><strong>illae</strong></span> <span class='ocrx_word' id='word_1_286' title='bbox 662 2412 948 2463; x_wconf 81' lang='lat' dir='ltr'><strong>ponerentur.</strong></span> <span class='ocrx_word' id='word_1_287' title='bbox 1010 2397 1064 2450; x_wconf 79' lang='lat' dir='ltr'><strong>I&#39;d</strong></span> <span class='ocrx_word' id='word_1_288' title='bbox 1096 2423 1200 2450; x_wconf 88' lang='lat' dir='ltr'><strong>sane</strong></span> <span class='ocrx_word' id='word_1_289' title='bbox 1228 2408 1475 2450; x_wconf 84' lang='lat' dir='ltr'><strong>necessario</strong></span> <span class='ocrx_word' id='word_1_290' title='bbox 1516 2422 1794 2463; x_wconf 86' lang='lat' dir='ltr'><strong>consequens</strong></span> <span class='ocrx_word' id='word_1_291' title='bbox 1835 2413 1902 2451; x_wconf 88' lang='lat' dir='ltr'><strong>est</strong></span> <span class='ocrx_word' id='word_1_292' title='bbox 1941 2424 1995 2451; x_wconf 82' lang='lat' dir='ltr'><strong>ex</strong></span> 
     </span>
     <span class='ocr_line' id='line_1_33' title="bbox 300 2478 1997 2536; baseline 0.002 -17"><span class='ocrx_word' id='word_1_293' title='bbox 300 2478 510 2534; x_wconf 86' lang='lat' dir='ltr'><strong>opinione</strong></span> <span class='ocrx_word' id='word_1_294' title='bbox 543 2478 763 2533; x_wconf 83' lang='lat' dir='ltr'><strong>Durandi‚</strong></span> <span class='ocrx_word' id='word_1_295' title='bbox 808 2478 884 2519; x_wconf 90' lang='lat' dir='ltr'><strong>sed</strong></span> <span class='ocrx_word' id='word_1_296' title='bbox 915 2478 1024 2521; x_wconf 89' lang='lat' dir='ltr'><strong>haec</strong></span> <span class='ocrx_word' id='word_1_297' title='bbox 1056 2479 1207 2536; x_wconf 88' lang='lat' dir='ltr'><strong>opinio</strong></span> <span class='ocrx_word' id='word_1_298' title='bbox 1240 2493 1332 2521; x_wconf 90' lang='lat' dir='ltr'><strong>non</strong></span> <span class='ocrx_word' id='word_1_299' title='bbox 1371 2483 1437 2521; x_wconf 88' lang='lat' dir='ltr'><strong>est</strong></span> <span class='ocrx_word' id='word_1_300' title='bbox 1468 2479 1614 2521; x_wconf 92' lang='lat' dir='ltr'><strong>solum</strong></span> <span class='ocrx_word' id='word_1_301' title='bbox 1654 2479 1873 2535; x_wconf 89' lang='lat' dir='ltr'><strong>Durandi‚</strong></span> <span class='ocrx_word' id='word_1_302' title='bbox 1918 2479 1997 2523; x_wconf 87' lang='lat' dir='ltr'><strong>sed</strong></span> 
     </span>
     <span class='ocr_line' id='line_1_34' title="bbox 299 2549 1994 2607; baseline 0.002 -17"><span class='ocrx_word' id='word_1_303' title='bbox 299 2550 544 2591; x_wconf 86' lang='lat' dir='ltr'><strong>illustrium</strong></span> <span class='ocrx_word' id='word_1_304' title='bbox 575 2564 752 2605; x_wconf 84' lang='lat' dir='ltr'><strong>quoque</strong></span> <span class='ocrx_word' id='word_1_305' title='bbox 785 2549 1132 2606; x_wconf 83' lang='lat' dir='ltr'><strong>Theologorum,</strong></span> <span class='ocrx_word' id='word_1_306' title='bbox 1164 2565 1325 2607; x_wconf 90' lang='lat' dir='ltr'><strong>nempe</strong></span> <span class='ocrx_word' id='word_1_307' title='bbox 1356 2550 1534 2592; x_wconf 88' lang='lat' dir='ltr'><strong>Alberti</strong></span> <span class='ocrx_word' id='word_1_308' title='bbox 1564 2550 1724 2606; x_wconf 86' lang='lat' dir='ltr'><strong>Magni</strong></span> <span class='ocrx_word' id='word_1_309' title='bbox 1754 2550 1803 2592; x_wconf 91' lang='lat' dir='ltr'><strong>in</strong></span> <span class='ocrx_word' id='word_1_310' title='bbox 1835 2566 1994 2593; x_wconf 89' lang='lat' dir='ltr'><strong>summ.</strong></span> 
     </span>
     <span class='ocr_line' id='line_1_35' title="bbox 300 2620 1995 2678; baseline 0.001 -17"><span class='ocrx_word' id='word_1_311' title='bbox 300 2621 420 2661; x_wconf 82' lang='lat' dir='ltr'><strong>Part.</strong></span> <span class='ocrx_word' id='word_1_312' title='bbox 455 2621 489 2661; x_wconf 87' lang='grc' dir='ltr'><strong>Ι.</strong></span> <span class='ocrx_word' id='word_1_313' title='bbox 523 2626 651 2662; x_wconf 86' lang='lat' dir='ltr'><strong>tract.</strong></span> <span class='ocrx_word' id='word_1_314' title='bbox 689 2624 754 2664; x_wconf 87' lang='grc'><strong>16.</strong></span> <span class='ocrx_word' id='word_1_315' title='bbox 788 2620 839 2669; x_wconf 92' lang='lat' dir='ltr'><strong>Q.</strong></span> <span class='ocrx_word' id='word_1_316' title='bbox 875 2624 944 2664; x_wconf 90' lang='grc'><strong>61.</strong></span> <span class='ocrx_word' id='word_1_317' title='bbox 978 2622 1142 2663; x_wconf 86' lang='lat' dir='ltr'><strong>memb.</strong></span> <span class='ocrx_word' id='word_1_318' title='bbox 1175 2624 1215 2665; x_wconf 96' lang='lat'><strong>5.</strong></span> <span class='ocrx_word' id='word_1_319' title='bbox 1248 2622 1297 2662; x_wconf 89' lang='lat' dir='ltr'><strong>in</strong></span> <span class='ocrx_word' id='word_1_320' title='bbox 1335 2624 1452 2677; x_wconf 87' lang='lat' dir='ltr'><strong>prin.</strong></span> <span class='ocrx_word' id='word_1_321' title='bbox 1488 2621 1636 2678; x_wconf 77' lang='lat' dir='ltr'><strong>Corp,</strong></span> <span class='ocrx_word' id='word_1_322' title='bbox 1677 2625 1721 2662; x_wconf 90' lang='lat' dir='ltr'><strong>et</strong></span> <span class='ocrx_word' id='word_1_323' title='bbox 1760 2621 1920 2663; x_wconf 88' lang='lat' dir='ltr'><strong>memb.</strong></span> <span class='ocrx_word' id='word_1_324' title='bbox 1955 2625 1995 2666; x_wconf 88' lang='grc'><strong>6.</strong></span> 
     </span>
     <span class='ocr_line' id='line_1_36' title="bbox 299 2691 1994 2740; baseline 0.001 -7"><span class='ocrx_word' id='word_1_325' title='bbox 299 2691 349 2733; x_wconf 83' lang='lat' dir='ltr'><strong>in</strong></span> <span class='ocrx_word' id='word_1_326' title='bbox 388 2691 464 2732; x_wconf 86' lang='lat' dir='ltr'><strong>fin.</strong></span> <span class='ocrx_word' id='word_1_327' title='bbox 498 2695 542 2732; x_wconf 90' lang='lat' dir='ltr'><strong>et</strong></span> <span class='ocrx_word' id='word_1_328' title='bbox 574 2691 624 2740; x_wconf 97' lang='lat' dir='ltr'><strong>Q.</strong></span> <span class='ocrx_word' id='word_1_329' title='bbox 659 2694 728 2735; x_wconf 87' lang='lat'><strong>63.</strong></span> <span class='ocrx_word' id='word_1_330' title='bbox 762 2691 862 2733; x_wconf 90' lang='lat' dir='ltr'><strong>Art.</strong></span> <span class='ocrx_word' id='word_1_331' title='bbox 898 2696 936 2735; x_wconf 94' lang='grc'><strong>2.</strong></span> <span class='ocrx_word' id='word_1_332' title='bbox 970 2693 1092 2734; x_wconf 88' lang='lat' dir='ltr'><strong>Part.</strong></span> <span class='ocrx_word' id='word_1_333' title='bbox 1129 2697 1167 2736; x_wconf 89' lang='lat'><strong>1.</strong></span> <span class='ocrx_word' id='word_1_334' title='bbox 1202 2692 1272 2735; x_wconf 88' lang='lat' dir='ltr'><strong>ad.</strong></span> <span class='ocrx_word' id='word_1_335' title='bbox 1306 2695 1346 2736; x_wconf 83' lang='lat'><strong>3.</strong></span> <span class='ocrx_word' id='word_1_336' title='bbox 1410 2692 1666 2734; x_wconf 87' lang='lat' dir='ltr'><strong>Bonauent.</strong></span> <span class='ocrx_word' id='word_1_337' title='bbox 1703 2695 1740 2737; x_wconf 94' lang='grc'><strong>1.</strong></span> <span class='ocrx_word' id='word_1_338' title='bbox 1773 2692 1890 2734; x_wconf 90' lang='lat' dir='ltr'><strong>Dist.</strong></span> <span class='ocrx_word' id='word_1_339' title='bbox 1924 2696 1994 2738; x_wconf 88' lang='lat'><strong>40.</strong></span> 
     </span>
     <span class='ocr_line' id='line_1_37' title="bbox 300 2761 1997 2819; baseline 0.002 -15"><span class='ocrx_word' id='word_1_340' title='bbox 300 2763 399 2804; x_wconf 85' lang='lat' dir='ltr'><strong>Art.</strong></span> <span class='ocrx_word' id='word_1_341' title='bbox 435 2766 473 2806; x_wconf 95' lang='grc'><strong>2.</strong></span> <span class='ocrx_word' id='word_1_342' title='bbox 507 2762 559 2811; x_wconf 86' lang='lat' dir='ltr'><strong>Q.</strong></span> <span class='ocrx_word' id='word_1_343' title='bbox 596 2766 632 2807; x_wconf 90' lang='lat'><strong>1.</strong></span> <span class='ocrx_word' id='word_1_344' title='bbox 666 2778 789 2804; x_wconf 86' lang='lat' dir='ltr'><strong>num.</strong></span> <span class='ocrx_word' id='word_1_345' title='bbox 824 2766 891 2807; x_wconf 92' lang='grc'><strong>24.</strong></span> <span class='ocrx_word' id='word_1_346' title='bbox 951 2763 1113 2819; x_wconf 83' lang='lat' dir='ltr'><strong>Aegid.</strong></span> <span class='ocrx_word' id='word_1_347' title='bbox 1146 2764 1278 2805; x_wconf 79' lang='lat' dir='ltr'><strong>Rom,</strong></span> <span class='ocrx_word' id='word_1_348' title='bbox 1311 2762 1421 2805; x_wconf 88' lang='lat' dir='ltr'><strong>ibid.</strong></span> <span class='ocrx_word' id='word_1_349' title='bbox 1464 2761 1515 2812; x_wconf 85' lang='lat' dir='ltr'><strong>Q.</strong></span> <span class='ocrx_word' id='word_1_350' title='bbox 1551 2765 1591 2807; x_wconf 97' lang='grc'><strong>2.</strong></span> <span class='ocrx_word' id='word_1_351' title='bbox 1622 2762 1722 2804; x_wconf 80' lang='lat' dir='ltr'><strong>Art.</strong></span> <span class='ocrx_word' id='word_1_352' title='bbox 1758 2765 1797 2806; x_wconf 90' lang='grc'><strong>2.</strong></span> <span class='ocrx_word' id='word_1_353' title='bbox 1837 2762 1997 2807; x_wconf 75' lang='lat' dir='ltr'><strong>Thom-</strong></span> 
     </span>
     <span class='ocr_line' id='line_1_38' title="bbox 302 2833 1999 2890; baseline 0.002 -16"><span class='ocrx_word' id='word_1_354' title='bbox 302 2834 357 2875; x_wconf 84' lang='lat' dir='ltr'><strong>de</strong></span> <span class='ocrx_word' id='word_1_355' title='bbox 392 2834 503 2889; x_wconf 85' lang='lat' dir='ltr'><strong>Arg.</strong></span> <span class='ocrx_word' id='word_1_356' title='bbox 545 2834 727 2875; x_wconf 86' lang='lat' dir='ltr'><strong>ibidem</strong></span> <span class='ocrx_word' id='word_1_357' title='bbox 761 2833 811 2882; x_wconf 91' lang='lat' dir='ltr'><strong>Q.</strong></span> <span class='ocrx_word' id='word_1_358' title='bbox 846 2834 994 2876; x_wconf 86' lang='lat' dir='ltr'><strong>vnica.</strong></span> <span class='ocrx_word' id='word_1_359' title='bbox 1038 2834 1139 2875; x_wconf 88' lang='lat' dir='ltr'><strong>Art.</strong></span> <span class='ocrx_word' id='word_1_360' title='bbox 1174 2837 1212 2878; x_wconf 90' lang='grc'><strong>2.</strong></span> <span class='ocrx_word' id='word_1_361' title='bbox 1246 2833 1303 2875; x_wconf 90' lang='lat' dir='ltr'><strong>ad</strong></span> <span class='ocrx_word' id='word_1_362' title='bbox 1345 2837 1385 2878; x_wconf 90' lang='grc'><strong>6.</strong></span> <span class='ocrx_word' id='word_1_363' title='bbox 1424 2838 1543 2875; x_wconf 89' lang='lat' dir='ltr'><strong>cont.</strong></span> <span class='ocrx_word' id='word_1_364' title='bbox 1585 2834 1780 2890; x_wconf 86' lang='lat' dir='ltr'><strong>primam</strong></span> <span class='ocrx_word' id='word_1_365' title='bbox 1818 2835 1999 2877; x_wconf 88' lang='lat' dir='ltr'><strong>conclu-</strong></span> 
     </span>
     <span class='ocr_line' id='line_1_39' title="bbox 303 2903 1995 2960; baseline 0.001 -14"><span class='ocrx_word' id='word_1_366' title='bbox 303 2904 493 2956; x_wconf 82' lang='lat' dir='ltr'><strong>sionem3</strong></span> <span class='ocrx_word' id='word_1_367' title='bbox 527 2909 571 2945; x_wconf 88' lang='lat' dir='ltr'><strong>et</strong></span> <span class='ocrx_word' id='word_1_368' title='bbox 603 2904 660 2946; x_wconf 86' lang='lat' dir='ltr'><strong>ad</strong></span> <span class='ocrx_word' id='word_1_369' title='bbox 694 2908 731 2947; x_wconf 88' lang='lat'><strong>1.</strong></span> <span class='ocrx_word' id='word_1_370' title='bbox 763 2919 844 2960; x_wconf 79' lang='lat' dir='ltr'><strong>pio</strong></span> <span class='ocrx_word' id='word_1_371' title='bbox 877 2919 1022 2945; x_wconf 76' lang='lat' dir='ltr'><strong>eriore</strong></span> <span class='ocrx_word' id='word_1_372' title='bbox 1054 2904 1296 2958; x_wconf 84' lang='lat' dir='ltr'><strong>Ciceronis,</strong></span> <span class='ocrx_word' id='word_1_373' title='bbox 1332 2908 1377 2945; x_wconf 91' lang='lat' dir='ltr'><strong>et</strong></span> <span class='ocrx_word' id='word_1_374' title='bbox 1410 2904 1515 2946; x_wconf 88' lang='lat' dir='ltr'><strong>dist.</strong></span> <span class='ocrx_word' id='word_1_375' title='bbox 1540 2907 1609 2949; x_wconf 87' lang='lat'><strong>38.</strong></span> <span class='ocrx_word' id='word_1_376' title='bbox 1631 2909 1675 2946; x_wconf 80' lang='lat' dir='ltr'><strong>et</strong></span> <span class='ocrx_word' id='word_1_377' title='bbox 1695 2907 1764 2949; x_wconf 87' lang='lat'><strong>39</strong></span> <span class='ocrx_word' id='word_1_378' title='bbox 1790 2903 1842 2954; x_wconf 72' lang='lat' dir='ltr'><strong>Q..</strong></span> <span class='ocrx_word' id='word_1_379' title='bbox 1875 2905 1995 2948; x_wconf 87' lang='lat' dir='ltr'><strong>Vnic.</strong></span> 
     </span>
     <span class='ocr_line' id='line_1_40' title="bbox 302 2974 1995 3030; baseline 0.001 -13"><span class='ocrx_word' id='word_1_380' title='bbox 302 2976 399 3017; x_wconf 90' lang='lat' dir='ltr'><strong>Art.</strong></span> <span class='ocrx_word' id='word_1_381' title='bbox 420 2979 458 3019; x_wconf 87' lang='grc'><strong>2.</strong></span> <span class='ocrx_word' id='word_1_382' title='bbox 483 2975 716 3019; x_wconf 85' lang='lat' dir='ltr'><strong>ratione3.</strong></span> <span class='ocrx_word' id='word_1_383' title='bbox 740 2974 926 3030; x_wconf 87' lang='lat' dir='ltr'><strong>Marsilij</strong></span> <span class='ocrx_word' id='word_1_384' title='bbox 952 2975 1053 3018; x_wconf 89' lang='lat' dir='ltr'><strong>Lib.</strong></span> <span class='ocrx_word' id='word_1_385' title='bbox 1078 2979 1115 3018; x_wconf 91' lang='lat'><strong>1.</strong></span> <span class='ocrx_word' id='word_1_386' title='bbox 1135 2974 1186 3024; x_wconf 84' lang='lat' dir='ltr'><strong>Q.</strong></span> <span class='ocrx_word' id='word_1_387' title='bbox 1210 2978 1281 3019; x_wconf 87' lang='lat'><strong>40</strong></span> <span class='ocrx_word' id='word_1_388' title='bbox 1303 2976 1400 3017; x_wconf 89' lang='lat' dir='ltr'><strong>Art.</strong></span> <span class='ocrx_word' id='word_1_389' title='bbox 1422 2979 1461 3020; x_wconf 89' lang='grc'><strong>2.</strong></span> <span class='ocrx_word' id='word_1_390' title='bbox 1479 2991 1604 3018; x_wconf 89' lang='lat' dir='ltr'><strong>conc</strong></span> <span class='ocrx_word' id='word_1_391' title='bbox 1623 2978 1663 3020; x_wconf 88' lang='grc'><strong>4.</strong></span> <span class='ocrx_word' id='word_1_392' title='bbox 1683 2975 1739 3017; x_wconf 90' lang='lat' dir='ltr'><strong>ad</strong></span> <span class='ocrx_word' id='word_1_393' title='bbox 1756 2974 1832 3019; x_wconf 89' lang='lat' dir='ltr'><strong>fin.</strong></span> <span class='ocrx_word' id='word_1_394' title='bbox 1853 2979 1897 3017; x_wconf 90' lang='lat' dir='ltr'><strong>et</strong></span> <span class='ocrx_word' id='word_1_395' title='bbox 1913 2976 1995 3018; x_wconf 87' lang='lat' dir='ltr'><strong>inf.</strong></span> 
     </span>
     <span class='ocr_line' id='line_1_41' title="bbox 301 3045 1996 3103; baseline 0.002 -15"><span class='ocrx_word' id='word_1_396' title='bbox 301 3047 357 3088; x_wconf 85' lang='lat' dir='ltr'><strong>ad</strong></span> <span class='ocrx_word' id='word_1_397' title='bbox 390 3050 428 3092; x_wconf 90' lang='grc'><strong>2.</strong></span> <span class='ocrx_word' id='word_1_398' title='bbox 462 3051 620 3088; x_wconf 88' lang='lat' dir='ltr'><strong>contra</strong></span> <span class='ocrx_word' id='word_1_399' title='bbox 651 3046 983 3088; x_wconf 85' lang='lat' dir='ltr'><strong>conclusionem</strong></span> <span class='ocrx_word' id='word_1_400' title='bbox 1018 3049 1056 3088; x_wconf 85' lang='lat'><strong>7.</strong></span> <span class='ocrx_word' id='word_1_401' title='bbox 1090 3050 1134 3087; x_wconf 91' lang='lat' dir='ltr'><strong>et</strong></span> <span class='ocrx_word' id='word_1_402' title='bbox 1171 3045 1220 3087; x_wconf 91' lang='lat' dir='ltr'><strong>in</strong></span> <span class='ocrx_word' id='word_1_403' title='bbox 1252 3048 1291 3090; x_wconf 88' lang='lat'><strong>3.</strong></span> <span class='ocrx_word' id='word_1_404' title='bbox 1326 3047 1451 3089; x_wconf 87' lang='lat' dir='ltr'><strong>Part.</strong></span> <span class='ocrx_word' id='word_1_405' title='bbox 1484 3045 1682 3089; x_wconf 83' lang='lat' dir='ltr'><strong>Articuli</strong></span> <span class='ocrx_word' id='word_1_406' title='bbox 1714 3049 1753 3090; x_wconf 89' lang='grc'><strong>2.</strong></span> <span class='ocrx_word' id='word_1_407' title='bbox 1794 3060 1921 3103; x_wconf 86' lang='lat' dir='ltr'><strong>supp.</strong></span> <span class='ocrx_word' id='word_1_408' title='bbox 1955 3049 1996 3091; x_wconf 90' lang='lat'><strong>5.</strong></span> 
     </span>
    </p>
   </div>
  </div>
 </body>
</html>
