2148 3402
523 183 565 217 R.
586 186 630 218 st.
653 183 755 218 1586.
783 181 1079 216 Exercitationes
1106 181 1170 215 lat.
1187 186 1224 215 et
1239 191 1360 224 graec.
1699 172 1782 214 167

87 316 238 343 earum
260 304 416 358 postea
435 316 567 344 Vsum
591 305 726 357 atque
747 299 1048 342 imitationem
1070 299 1225 354 exigat
1256 298 1305 340 in
1327 299 1575 341 scribendo.
1610 301 1786 342 Postre-

87 387 159 414 mo
186 372 323 415 verba
347 373 554 427 auctoris,
591 371 969 428 quemadmodum
998 370 1146 424 initio,
1174 384 1328 411 rursus
1354 371 1692 426 interpretetur:
1727 376 1784 426 et,

87 443 124 486 si
157 457 267 501 opus
299 442 449 499 fuerit,
482 444 621 486 etiam
652 443 786 485 tertio
819 447 864 484 et
896 446 1069 497 quarto.

228 515 367 557 Porro
390 530 539 557 seuere
556 515 705 573 pueris
735 514 1046 567 interdicatur,
1079 517 1131 555 vt
1162 529 1218 555 ne
1239 528 1376 554 vnam
1400 513 1582 568 quidem
1609 513 1785 556 literam

87 586 301 641 scribant,
333 586 423 628 nisi
454 586 577 628 iussi.
639 586 708 628 Ea
744 600 874 639 vero,
918 599 1032 640 quae
1072 584 1310 626 scribenda
1354 585 1504 640 pueris
1542 585 1785 639 dictantur,

86 657 208 699 intra
239 661 416 714 tempus
453 657 744 714 explicationi
784 656 1022 698 definitum
1061 656 1379 709 absoluantur,
1419 671 1474 698 ne
1515 656 1573 697 sit
1611 671 1786 698 necesse

87 728 311 770 scribendi
344 743 479 770 causa
497 733 674 786 tempus
695 727 1083 784 interpretationis
1104 741 1357 784 prorogare.
1408 727 1486 769 Fit
1506 728 1626 769 enim
1648 727 1787 769 inter-

87 800 207 852 dum,
240 804 291 842 vt
321 814 488 855 magno
521 815 624 842 cum
651 800 820 853 labore,
851 799 1026 841 iactura
1057 799 1274 855 temporis
1295 799 1511 854 nulloque
1534 798 1787 841 studiorum

88 885 172 913 vsu
192 886 263 912 res
282 886 427 926 neque
447 871 800 928 prudentissime
833 871 1126 925 excogitatas,
1160 885 1306 926 neque
1330 870 1676 925 diligentissime
1700 870 1788 912 dis-

85 942 266 999 positas,
297 956 507 999 persaepe
539 942 676 984 etiam
705 943 840 996 leues,
873 942 1086 999 protritae
1108 946 1153 983 et
1174 942 1289 983 male
1310 946 1661 997 coagmentataS,
1695 957 1787 984 non

85 1027 186 1055 raro
217 1013 355 1055 etiam
386 1013 586 1068 vitiosas,
618 1014 741 1070 turpi
772 1013 1072 1070 chirographo
1106 1013 1369 1069 mendisque
1401 1018 1446 1054 et
1478 1013 1702 1055 erroribus
1722 1028 1787 1055 re-

86 1084 200 1127 ferto
232 1099 312 1142 pro
344 1085 552 1141 pretiosis
582 1085 714 1127 rebus
745 1085 872 1142 pueri
903 1085 1045 1126 literis
1076 1085 1294 1126 mandent
1327 1100 1378 1127 ac
1400 1084 1553 1127 sedulo
1575 1084 1788 1126 studeant

87 1170 366 1198 conseruare.
416 1158 570 1199 Pauca
601 1156 746 1212 igitur
778 1161 822 1198 et
853 1156 1034 1212 quidem
1054 1156 1300 1198 lectissima
1322 1171 1522 1211 quaeque
1544 1156 1785 1197 dictentur.

229 1228 431 1270 Caueant
461 1232 789 1285 praeceptores,
826 1243 883 1269 ne
921 1228 1193 1284 paedagogi¹
1237 1229 1386 1284 pueris
1418 1227 1539 1269 domi
1572 1227 1787 1269 lectiones

87 1298 198 1341 alias
220 1299 500 1356 praelegant,
523 1299 600 1340 sed
620 1303 827 1356 repetant
847 1299 1072 1340 duntaxat
1094 1299 1272 1340 auditas
1293 1299 1340 1340 in
1363 1299 1540 1351 scholis,
1566 1314 1621 1340 ne
1645 1299 1787 1340 bonae

85 1370 481 1427 interpretationiS,
515 1385 649 1426 quam
680 1371 728 1412 in
761 1370 925 1412 scholis
957 1370 1164 1423 didicere,
1198 1371 1321 1412 domi
1350 1371 1570 1412 iacturam
1602 1370 1785 1412 faciant.

229 1444 268 1486 3.
302 1441 500 1484 Habitae
531 1441 844 1498 praelectionis
875 1442 1096 1484 rationem
1130 1458 1155 1483 a
1188 1442 1336 1498 pueris
1375 1442 1529 1483 statim
1570 1442 1787 1498 Magister

86 1514 240 1569 exigat
271 1517 483 1569 curetque
515 1529 566 1555 ea
596 1528 777 1570 prorsus
808 1514 857 1554 in
878 1513 1117 1569 repetendo
1141 1513 1323 1567 seruari,
1355 1528 1468 1568 quae
1504 1513 1598 1570 ipse
1636 1528 1784 1554 serua-

84 1590 212 1627 uerat
241 1585 553 1641 praelegendo.
602 1585 800 1641 Expedit
830 1589 984 1627 tamen
1015 1600 1108 1627 non
1139 1585 1196 1626 ab
1236 1600 1326 1626 vno
1368 1588 1512 1627 totam
1544 1585 1685 1641 repeti
1727 1584 1787 1625 le-

86 1656 295 1710 ctionem,
313 1661 364 1699 vt
385 1656 388 1714 l
408 1656 610 1712 quotidie
631 1661 923 1698 exerceantur
938 1671 1073 1711 quam
1093 1656 1296 1713 plurimi,
1321 1671 1404 1697 nec
1422 1671 1496 1697 eos
1515 1656 1785 1712 Praeceptor

83 1729 333 1784 interroget
366 1728 533 1783 ordine,
566 1743 655 1784 quo
687 1727 944 1782 consident,
976 1727 1053 1769 sed
1083 1731 1354 1783 praetereat,
1388 1742 1500 1783 quos
1538 1727 1662 1781 velit,
1696 1741 1785 1782 quo

84 1800 331 1842 reddantur
362 1799 636 1841 attentiores.
689 1799 750 1841 Et
781 1799 978 1856 primum
1007 1799 1189 1854 quidem
1218 1802 1415 1855 repetere
1443 1797 1601 1840 iubeat
1629 1812 1788 1854 proue—

86 1872 269 1914 ctiores:
311 1870 474 1913 deinde
495 1870 695 1913 rudiores
716 1874 796 1913 aut
818 1870 957 1912 etiam
991 1870 1232 1926 segniores,
1267 1870 1345 1925 qui
1374 1869 1571 1912 crebrius
1599 1869 1788 1911 interro-

84 1942 224 1999 gandi
254 1942 482 1996 videntur,
515 1957 603 1998 quo
635 1941 782 1984 acrius
814 1941 1173 1983 exstimulentur.
1230 1941 1349 1996 „Nec
1381 1941 1540 1994 solum,
1572 1939 1787 1995 inquiunt

86 2015 415 2069 Constutiones,
446 2015 568 2056 Part.
598 2017 639 2057 4.
663 2014 771 2070 Cap.
792 2015 874 2068 13„
906 2012 1197 2069 repetitiones
1228 2012 1418 2055 vltimae
1450 2011 1656 2053 lectionis
1688 2010 1786 2052 fieri

86 2086 324 2143 oportebit,
345 2100 503 2128 verum
526 2089 570 2127 et
589 2084 911 2127 Hebdomadae
933 2084 1005 2126 die
1030 2083 1231 2126 Sabbato
1253 2087 1297 2125 et
1319 2082 1538 2138 longioris
1559 2083 1786 2138 temporis,

84 2162 219 2214 prout
255 2157 464 2214 expedire
484 2156 804 2199 iudicabitur.“
841 2182 896 2187 —
929 2155 1156 2212 Expedire
1179 2159 1333 2197 autem
1352 2154 1546 2208 videtur,
1579 2157 1644 2208 vt,
1665 2157 1787 2210 post-

85 2243 220 2285 quam
252 2229 523 2285 Praeceptor
551 2243 694 2271 vnum
725 2227 921 2283 aliquem
951 2227 1119 2269 librum
1151 2242 1229 2268 seu
1259 2241 1473 2281 magnam
1501 2225 1702 2280 aliquam
1733 2225 1786 2266 li-

85 2299 156 2342 bri
186 2305 361 2357 partem
392 2300 666 2357 exposuerit,
707 2298 764 2341 ad
796 2298 890 2340 eius
921 2298 1237 2355 repetitionem
1274 2312 1436 2354 pueros
1474 2301 1655 2353 paratos
1693 2310 1786 2337 esse

85 2370 242 2413 iubeat
272 2371 321 2413 in
353 2375 526 2413 certum
558 2370 695 2424 diem,
733 2384 827 2411 non
859 2370 979 2425 quod
1012 2369 1164 2411 omnia
1194 2369 1374 2425 penitus
1404 2367 1647 2425 repetenda
1678 2367 1783 2421 sint,

87 2441 163 2484 sed
194 2442 344 2498 capita
376 2441 610 2497 quaedam,
653 2440 708 2482 de
753 2440 917 2496 quibus
949 2440 1052 2482 illos
1081 2439 1432 2495 interrogandos
1465 2454 1557 2481 esse
1589 2438 1782 2483 duxerit.

226 2514 283 2555 In
312 2513 367 2569 ijs
396 2512 741 2570 repetitionibus
772 2527 865 2554 non
886 2511 1030 2553 solum
1060 2515 1184 2553 curet
1205 2512 1486 2567 Praeceptor,
1519 2514 1571 2552 vt
1591 2509 1786 2551 reddant

86 2585 214 2641 pueri
255 2584 450 2626 fideliter
493 2599 607 2640 quae
644 2583 739 2640 ipse
784 2582 1052 2637 tradiderat,
1101 2582 1177 2624 sed
1214 2585 1267 2623 vt
1306 2581 1604 2638 pronuntient
1648 2580 1785 2622 etiam

86 2659 184 2697 tum
216 2656 337 2698 clara
367 2670 490 2710 voce,
522 2670 635 2711 quae
655 2658 700 2696 et
721 2653 1017 2696 attentionem
1037 2658 1081 2695 et
1101 2652 1332 2694 silentium
1352 2651 1496 2694 facere
1518 2651 1654 2705 solet,
1687 2654 1785 2692 tum

88 2741 223 2781 quam
265 2725 461 2768 maxime
501 2725 756 2779 emendate,
798 2724 1162 2781 exprimantque‚
1201 2728 1422 2779 quantum
1460 2722 1569 2764 satis
1609 2726 1695 2776 est,
1734 2736 1786 2763 ea

87 2796 226 2838 verba
257 2811 335 2838 seu
364 2796 532 2850 literaS,
564 2796 613 2838 in
645 2797 809 2852 quibus
841 2796 1071 2839 enucleate
1102 2794 1381 2852 proferendis
1412 2793 1595 2850 puerilis
1626 2793 1785 2848 lingua

89 2867 291 2909 laborare
322 2867 568 2909 consueuit.
621 2868 689 2910 Ea
712 2882 888 2924 quoque
920 2867 973 2909 de
1000 2881 1133 2909 causa
1153 2865 1322 2908 autoris
1344 2868 1619 2918 contextum,
1652 2877 1786 2919 quem

89 2937 357 2995 Praeceptor
388 2937 675 2995 expositurus
707 2943 787 2994 est,
819 2938 875 2981 ab
896 2938 1156 2980 auditorum
1179 2937 1330 2993 aliquo
1363 2936 1481 2978 clare
1501 2950 1553 2978 ae
1573 2934 1785 2977 distinete

236 3091 247 3112 ¹
271 3091 506 3128 Hofmeister.

1805 1681 1832 1704 p.
1845 1672 1908 1698 244,
