2143 3462
350 187 437 235 240
587 197 700 236 Ratio
726 195 928 238 studiorum
957 207 995 238 et
1021 197 1273 240 institutiones
1298 201 1540 240 scholasticae
1566 201 1761 242 Societatis
1786 204 1876 242 Jesu
1900 200 1940 242 11

103 323 306 383 ''¹“,2'222‘J,²j,2j¹¹¹
486 320 554 366 11.
619 322 711 364 Ubi
743 327 811 364 est
844 323 1138 377 consuetudo,
1170 327 1222 365 ut
1251 323 1436 380 publica
1466 323 1548 365 fiat
1565 325 1790 380 promotio
1823 325 1881 366 ad
1901 325 2084 380 gradUS,

145 378 159 389 υ
349 392 645 434 Constitutio¹
684 398 892 435 accurate
931 398 1154 447 servetur,
1192 409 1274 435 nec
1314 394 1435 435 ullus
1466 400 1789 450 promoveatur
1818 396 1909 437 nisi
1938 395 2086 437 theses

350 464 524 519 aliquot
555 479 610 505 ex
640 463 969 519 insignioribus
989 464 1246 520 Scripturae
1266 464 1391 518 loeis,
1424 463 1706 506 scholasticis
1725 465 2088 507 conclusionibus

350 535 675 590 intermisceat,
708 536 813 588 inm,
855 537 949 577 ‘nixi
981 537 1085 590 quid
1116 536 1261 589 obstet,
1294 550 1348 576 (³41³
1380 536 1569 577 historia
1603 551 1768 591 quoquc
1799 538 2088 578 ecclesiastica

351 611 389 648 et
407 609 517 662 jure
548 608 770 649 canonico.
821 607 958 648 Ratio
991 621 1168 662 quoque
1200 607 1497 663 promovendi
1528 610 1573 648 et
1601 607 1763 663 reliqui
1794 607 1909 649 ritus
1941 607 2089 662 (modo

351 693 407 719 ne
441 677 859 720 Constitutionibus
889 681 1162 733 repugnent)
1194 693 1274 734 pro
1308 677 1522 734 cujusque
1544 678 1629 720 loci
1656 679 1982 720 consuetudine
2003 682 2090 720 sta-

350 749 550 805 tutisque
581 754 835 792 teneantur.

171 823 330 883 ,ξῖᾗῗζξζζζζή
470 819 544 866 12.
579 820 704 861 Duos
726 820 774 861 in
796 835 847 860 eo
870 819 1088 875 Collegio,
1120 819 1200 861 ubi
1302 823 1368 863 12.
1431 820 1557 861 Duos
1594 819 1641 861 in
1683 833 1733 861 eo
1774 819 1980 875 collegio,
2011 820 2090 861 ubi

351 897 417 933 est
432 907 513 948 pro
527 891 1003 933 nostrisSe1ninarium
1017 906 1199 932 casuum
1240 894 1306 930 est
1343 890 1635 932 seminarium
1671 905 1752 946 pro
1788 890 1973 945 nostris,
2013 891 2091 946 qui

352 963 666 1018 conscientiae,
707 977 892 1004 casuum
924 962 1204 1004 Professores
1242 960 1499 1015 theologiae
1529 976 1607 1018 per
1629 961 1978 1016 quadriennium
1998 976 2092 1003 non

352 1035 612 1089 constituat,
645 1034 722 1089 qui
750 1034 985 1076 universas
1013 1033 1109 1089 ejus
1129 1049 1203 1089 ge-
1242 1032 2091 1088 applicantur,professoresconstituat.

353 1106 473 1146 neris
520 1105 730 1146 materias
777 1104 895 1146 inter
942 1120 987 1146 se
1034 1104 1204 1147 divisas
1242 1102 1445 1152 Quorum
1486 1104 1601 1145 alter
1640 1103 1825 1145 biennio
1859 1103 2092 1146 universas

353 1176 536 1218 biennio
557 1176 805 1233 explicent,
840 1176 913 1218 vel
936 1191 1092 1230 unum,
1126 1175 1201 1231 qui
1241 1173 1498 1229 theologiae
1520 1174 1703 1216 moralis
1725 1174 1936 1216 materias
1956 1175 2025 1216 bis
2044 1175 2093 1216 111

353 1248 481 1289 binas
513 1247 716 1303 quotidie
748 1247 962 1288 lectiones
993 1247 1173 1288 habeat.
1242 1244 1327 1299 die,
1374 1244 1454 1287 ubi
1500 1245 1596 1286 fieri
1641 1245 1834 1302 poterit,
1883 1245 2093 1303 explicet,

1241 1316 1354 1357 alter
1414 1331 1520 1358 vero
1582 1316 1881 1358 sufficientem
1943 1317 2096 1359 tradat

1240 1387 1454 1429 notitiam
1474 1387 1743 1443 dogmatum
1765 1388 1824 1430 ad
1845 1388 2092 1430 docendam

1240 1459 1530 1514 religionem,
1563 1474 1750 1515 eamque
1790 1475 1816 1501 a
1848 1459 2096 1502 communi-

1243 1530 1394 1571 oribus
1411 1531 1573 1572 saltem
1606 1530 1936 1586 objectionibus
1967 1535 2099 1572 tuen-

1244 1601 1360 1643 dam.
1396 1601 1566 1651 Quodsi
1597 1617 1714 1644 unus
1746 1606 1928 1644 tantum
1959 1601 2097 1644 fuerit

1243 1672 1480 1729 professor,
1510 1673 1638 1729 ⁴{idem
1673 1673 1854 1715 biennio
1885 1674 2097 1715 materias

1245 1744 1438 1786 morales
1484 1749 1529 1785 et
1581 1745 1863 1800 dogmaticas
1918 1749 2096 1786 tractet.

1247 1816 1297 1857 Si
1327 1830 1431 1858 vero
1463 1816 1512 1857 in
1544 1816 1699 1857 eodem
1731 1816 1922 1871 collegio
1944 1815 2097 1871 hujus-

1247 1887 1369 1928 modi
1387 1887 1677 1929 scholasticos
1703 1902 1805 1929 cum
1837 1887 1938 1929 aliis
1969 1887 2096 1929 theo-

1246 1959 1364 2014 logis
1395 1958 1564 2001 versari
1597 1958 1852 2014 contigerit,
1884 1962 2099 2015 poterunt

1227 2031 1453 2089 lassisoere
1481 2030 1668 2071 lectioni
1699 2030 1955 2086 theologiae
2005 2044 2097 2071 mo-

1228 2094 1354 2156 [ralis
1394 2116 1495 2143 cum
1536 2102 1693 2142 ceteris
1731 2116 1809 2158 per
1850 2101 2098 2155 biennium,

1228 2159 1336 2228 iquo
1368 2178 1566 2229 tempore
1598 2172 1905 2229 provideatur,
1936 2177 1989 2214 ut
2021 2187 2099 2229 per

1228 2220 1468 2300 laliquem,
1515 2258 1558 2285 v.
1598 2258 1664 2299 gr.
1698 2243 1775 2299 qui
1820 2243 2098 2299 theologiam

1246 2315 1422 2372 repetit,
1446 2314 1743 2357 sufficientem
1764 2315 1893 2356 illam
1913 2314 2098 2370 dogma-

1247 2392 1345 2429 tum
1375 2385 1589 2428 notitiam
1621 2385 1871 2442 acquirant.

202 2486 340 2545 (⁴·}{ss¹.¹.¹i1².³.'.'.
511 2486 582 2532 13.
647 2487 726 2528 Bis
758 2486 806 2528 111
828 2484 1110 2528 hebdomada
1141 2483 1189 2525 in
1222 2482 1430 2525 domibus
1456 2481 1680 2538 professis,
1712 2480 1762 2522 in
1795 2481 1998 2537 collegiis
2030 2480 2099 2522 bis

360 2562 440 2598 aut
458 2559 605 2612 semel,
624 2562 676 2600 ut
693 2558 853 2599 melius
875 2572 968 2599 esse
987 2558 1035 2598 in
1057 2556 1255 2597 Domino
1271 2552 1561 2610 judicaverit,
1595 2553 1690 2595 sive
1711 2553 1760 2594 in
1778 2552 1834 2593 iis
1851 2551 2004 2607 aliqua
2026 2551 2097 2606 sit,

360 2628 455 2669 sive
486 2629 614 2670 nulla
644 2629 825 2685 publica
855 2643 1040 2671 casuum
1072 2643 1147 2670 seeo
1179 2627 1410 2680 theologsessae
1440 2625 1628 2666 moralis
1658 2624 1815 2681 {lectio,
1847 2622 2099 2664 sacerdotes

361 2699 505 2741 nostri
526 2700 799 2742 conveniant
821 2700 878 2742 ad
893 2699 1148 2741 habendam
1166 2699 1283 2740 inter
1300 2712 1345 2739 se
1364 2697 1417 2739 de
1435 2697 1611 2738 casibus
1629 2695 1930 2749 collationem,
1949 2693 2099 2749 aliquo

361 2770 566 2827 praeside
598 2786 624 2812 a
656 2786 700 2811 se
733 2770 994 2824 constituto,
1027 2770 1106 2825 qui
1136 2769 1382 2826 prudenter
1412 2784 1462 2810 ac
1484 2772 1583 2810 tuto
1606 2767 1748 2824 possit
1777 2766 1895 2808 hanc
1914 2764 2098 2822 provin-

363 2841 478 2883 ciam
509 2841 748 2894 sustinere;
783 2846 917 2897 atque
949 2841 987 2882 is
1019 2855 1195 2897 praeses
1226 2840 1406 2895 regulas
1438 2838 1701 2896 professoris
1736 2852 1919 2879 casuum
1965 2838 2095 2892 (theo-

364 2914 499 2967 logsiae
537 2913 733 2967 moralis)
751 2947 760 2965 ,
806 2913 853 2953 in
896 2912 1060 2968 quibus
1098 2911 1256 2953 modus
1296 2910 1430 2965 hujus
1471 2910 1727 2952 collationis
1765 2906 2097 2966 praescribitur,

363 2985 488 3040 legat
520 3000 570 3026 ac
600 2988 762 3027 servet.

512 3116 522 3134 ¹
550 3115 587 3149 1’.
614 3117 646 3148 4.
675 3127 703 3148 c.
729 3117 760 3147 6.
789 3125 821 3147 11.
854 3115 911 3157 17;
940 3124 969 3147 c,
1002 3115 1050 3147 17.
1078 3125 1111 3147 11.
1138 3114 1170 3147 8.
1198 3118 1235 3147 et
1263 3113 1316 3147 lit.
1345 3113 1387 3146 M.
