<?xml version="1.0" encoding="UTF-8"?>
<!DOCTYPE html PUBLIC "-//W3C//DTD XHTML 1.0 Transitional//EN"
    "http://www.w3.org/TR/xhtml1/DTD/xhtml1-transitional.dtd">
<html xmlns="http://www.w3.org/1999/xhtml" xml:lang="en" lang="en">
 <head>
  <title>
</title>
<meta http-equiv="Content-Type" content="text/html;charset=utf-8" />
  <meta name='ocr-system' content='tesseract 3.04.00' />
  <meta name='ocr-capabilities' content='ocr_page ocr_carea ocr_par ocr_line ocrx_word'/>
</head>
<body>
  <div class='ocr_page' id='page_1' title='image "./ratiostudiorumet05jesu_0245.png"; bbox 0 0 2148 3402; ppageno 0'>
   <div class='ocr_carea' id='block_1_1' title="bbox 686 186 1784 243">
    <p class='ocr_par' dir='ltr' id='par_1_1' title="bbox 686 186 1784 243">
     <span class='ocr_line' id='line_1_1' title="bbox 686 186 1784 243; baseline -0.008 -8"><span class='ocrx_word' id='word_1_1' title='bbox 686 202 750 243; x_wconf 83' lang='lat' dir='ltr'>Ep.</span> <span class='ocrx_word' id='word_1_2' title='bbox 780 200 817 235; x_wconf 81' lang='lat' dir='ltr'>P.</span> <span class='ocrx_word' id='word_1_3' title='bbox 844 198 1049 233; x_wconf 77' lang='lat' dir='ltr'>Roothaan.</span> <span class='ocrx_word' id='word_1_4' title='bbox 1078 198 1178 230; x_wconf 74' lang='lat'>1832.</span> <span class='ocrx_word' id='word_1_5' title='bbox 1699 186 1784 227; x_wconf 77' lang='grc'>229</span> 
     </span>
    </p>
   </div>
   <div class='ocr_carea' id='block_1_2' title="bbox 86 318 1795 3001">
    <p class='ocr_par' dir='ltr' id='par_1_2' title="bbox 88 318 1790 1077">
     <span class='ocr_line' id='line_1_2' title="bbox 231 318 1786 375; baseline -0.004 -11"><span class='ocrx_word' id='word_1_6' title='bbox 231 322 380 364; x_wconf 79' lang='lat' dir='ltr'>Grave</span> <span class='ocrx_word' id='word_1_7' title='bbox 411 336 518 362; x_wconf 82' lang='lat' dir='ltr'>sane</span> <span class='ocrx_word' id='word_1_8' title='bbox 551 324 658 375; x_wconf 86' lang='lat' dir='ltr'>erat,</span> <span class='ocrx_word' id='word_1_9' title='bbox 692 321 730 362; x_wconf 88' lang='lat' dir='ltr'>si</span> <span class='ocrx_word' id='word_1_10' title='bbox 763 318 883 375; x_wconf 87' lang='lat' dir='ltr'>quod</span> <span class='ocrx_word' id='word_1_11' title='bbox 916 318 1055 371; x_wconf 87' lang='lat' dir='ltr'>aliud,</span> <span class='ocrx_word' id='word_1_12' title='bbox 1087 318 1345 371; x_wconf 72' lang='lat' dir='ltr'>negotium,</span> <span class='ocrx_word' id='word_1_13' title='bbox 1379 319 1427 359; x_wconf 86' lang='lat' dir='ltr'>in</span> <span class='ocrx_word' id='word_1_14' title='bbox 1458 334 1546 373; x_wconf 87' lang='lat' dir='ltr'>quo</span> <span class='ocrx_word' id='word_1_15' title='bbox 1578 319 1691 360; x_wconf 83' lang='lat' dir='ltr'>nihi]</span> <span class='ocrx_word' id='word_1_16' title='bbox 1727 320 1786 361; x_wconf 73' lang='lat' dir='ltr'>Is·-</span> 
     </span>
     <span class='ocr_line' id='line_1_3' title="bbox 89 389 1788 449; baseline -0.003 -13"><span class='ocrx_word' id='word_1_17' title='bbox 89 394 220 447; x_wconf 86' lang='lat' dir='ltr'>viter,</span> <span class='ocrx_word' id='word_1_18' title='bbox 253 392 369 434; x_wconf 82' lang='lat' dir='ltr'>nihil</span> <span class='ocrx_word' id='word_1_19' title='bbox 401 407 697 449; x_wconf 72' lang='lat' dir='ltr'>praepropere</span> <span class='ocrx_word' id='word_1_20' title='bbox 728 395 878 433; x_wconf 88' lang='lat' dir='ltr'>actum</span> <span class='ocrx_word' id='word_1_21' title='bbox 911 390 1126 447; x_wconf 86' lang='lat' dir='ltr'>oportuit.</span> <span class='ocrx_word' id='word_1_22' title='bbox 1189 389 1346 444; x_wconf 85' lang='lat' dir='ltr'>Neque</span> <span class='ocrx_word' id='word_1_23' title='bbox 1377 404 1496 442; x_wconf 78' lang='lat' dir='ltr'>vero,</span> <span class='ocrx_word' id='word_1_24' title='bbox 1536 395 1586 431; x_wconf 88' lang='lat' dir='ltr'>ut</span> <span class='ocrx_word' id='word_1_25' title='bbox 1618 391 1663 431; x_wconf 79' lang='lat' dir='ltr'>in</span> <span class='ocrx_word' id='word_1_26' title='bbox 1697 391 1788 446; x_wconf 68' lang='lat' dir='ltr'>epi-</span> 
     </span>
     <span class='ocr_line' id='line_1_4' title="bbox 88 461 1789 517; baseline -0.002 -11"><span class='ocrx_word' id='word_1_27' title='bbox 88 465 204 506; x_wconf 81' lang='lat' dir='ltr'>stola</span> <span class='ocrx_word' id='word_1_28' title='bbox 243 464 299 506; x_wconf 87' lang='lat' dir='ltr'>ad</span> <span class='ocrx_word' id='word_1_29' title='bbox 330 464 596 506; x_wconf 84' lang='lat' dir='ltr'>Provincias</span> <span class='ocrx_word' id='word_1_30' title='bbox 634 463 795 516; x_wconf 81' lang='lat' dir='ltr'>missa,</span> <span class='ocrx_word' id='word_1_31' title='bbox 838 477 926 517; x_wconf 91' lang='lat' dir='ltr'>qua</span> <span class='ocrx_word' id='word_1_32' title='bbox 958 463 1115 503; x_wconf 84' lang='lat' dir='ltr'>Patres</span> <span class='ocrx_word' id='word_1_33' title='bbox 1152 461 1356 517; x_wconf 86' lang='lat' dir='ltr'>deputati</span> <span class='ocrx_word' id='word_1_34' title='bbox 1389 461 1446 502; x_wconf 87' lang='lat' dir='ltr'>ad</span> <span class='ocrx_word' id='word_1_35' title='bbox 1477 462 1789 517; x_wconf 71' lang='lat' dir='ltr'>11›1·aeparan‹la</span> 
     </span>
     <span class='ocr_line' id='line_1_5' title="bbox 90 532 1786 594; baseline -0.003 -15"><span class='ocrx_word' id='word_1_36' title='bbox 90 537 195 579; x_wconf 88' lang='lat' dir='ltr'>huic</span> <span class='ocrx_word' id='word_1_37' title='bbox 227 537 350 594; x_wconf 83' lang='lat' dir='ltr'>operi</span> <span class='ocrx_word' id='word_1_38' title='bbox 380 536 630 578; x_wconf 82' lang='lat' dir='ltr'>necessaria</span> <span class='ocrx_word' id='word_1_39' title='bbox 661 534 963 586; x_wconf 88' lang='lat' dir='ltr'>vocabantur,</span> <span class='ocrx_word' id='word_1_40' title='bbox 996 532 1269 584; x_wconf 82' lang='lat' dir='ltr'>monuimus,</span> <span class='ocrx_word' id='word_1_41' title='bbox 1303 532 1357 573; x_wconf 85' lang='lat' dir='ltr'>de</span> <span class='ocrx_word' id='word_1_42' title='bbox 1389 547 1509 574; x_wconf 88' lang='lat' dir='ltr'>nova</span> <span class='ocrx_word' id='word_1_43' title='bbox 1540 532 1786 574; x_wconf 81' lang='lat' dir='ltr'>studiorum</span> 
     </span>
     <span class='ocr_line' id='line_1_6' title="bbox 89 603 1789 660; baseline -0.003 -10"><span class='ocrx_word' id='word_1_44' title='bbox 89 608 285 650; x_wconf 79' lang='lat' dir='ltr'>Ratione</span> <span class='ocrx_word' id='word_1_45' title='bbox 333 607 571 649; x_wconf 86' lang='lat' dir='ltr'>formanda</span> <span class='ocrx_word' id='word_1_46' title='bbox 621 606 847 660; x_wconf 69' lang='lat' dir='ltr'>agendum</span> <span class='ocrx_word' id='word_1_47' title='bbox 887 604 1001 658; x_wconf 86' lang='lat' dir='ltr'>fuit,</span> <span class='ocrx_word' id='word_1_48' title='bbox 1050 604 1126 646; x_wconf 87' lang='lat' dir='ltr'>sed</span> <span class='ocrx_word' id='word_1_49' title='bbox 1174 603 1227 645; x_wconf 88' lang='lat' dir='ltr'>de</span> <span class='ocrx_word' id='word_1_50' title='bbox 1273 603 1428 645; x_wconf 89' lang='lat' dir='ltr'>eadem</span> <span class='ocrx_word' id='word_1_51' title='bbox 1474 603 1555 645; x_wconf 90' lang='lat' dir='ltr'>illa</span> <span class='ocrx_word' id='word_1_52' title='bbox 1602 605 1789 659; x_wconf 84' lang='lat' dir='ltr'>antiqua</span> 
     </span>
     <span class='ocr_line' id='line_1_7' title="bbox 88 675 1790 734; baseline -0.004 -12"><span class='ocrx_word' id='word_1_53' title='bbox 88 681 254 722; x_wconf 86' lang='lat' dir='ltr'>nostris</span> <span class='ocrx_word' id='word_1_54' title='bbox 298 678 683 721; x_wconf 86' lang='lat' dir='ltr'>accommodanda</span> <span class='ocrx_word' id='word_1_55' title='bbox 720 677 1016 734; x_wconf 77' lang='lat' dir='ltr'>temporibUS,</span> <span class='ocrx_word' id='word_1_56' title='bbox 1068 690 1182 732; x_wconf 88' lang='lat' dir='ltr'>„quo</span> <span class='ocrx_word' id='word_1_57' title='bbox 1220 675 1574 730; x_wconf 79' lang='lat' dir='ltr'>intelligeretur,</span> <span class='ocrx_word' id='word_1_58' title='bbox 1619 681 1790 731; x_wconf 80' lang='lat' dir='ltr'>quanta</span> 
     </span>
     <span class='ocr_line' id='line_1_8' title="bbox 89 747 1786 804; baseline -0.003 -11"><span class='ocrx_word' id='word_1_59' title='bbox 89 767 192 794; x_wconf 85' lang='lat' dir='ltr'>eum</span> <span class='ocrx_word' id='word_1_60' title='bbox 230 750 485 793; x_wconf 87' lang='lat' dir='ltr'>reverentia</span> <span class='ocrx_word' id='word_1_61' title='bbox 521 750 607 792; x_wconf 90' lang='lat' dir='ltr'>hoc</span> <span class='ocrx_word' id='word_1_62' title='bbox 644 748 879 804; x_wconf 82' lang='lat' dir='ltr'>negotium</span> <span class='ocrx_word' id='word_1_63' title='bbox 916 747 1206 790; x_wconf 86' lang='lat' dir='ltr'>tractandum</span> <span class='ocrx_word' id='word_1_64' title='bbox 1246 751 1380 800; x_wconf 82' lang='lat' dir='ltr'>esset,</span> <span class='ocrx_word' id='word_1_65' title='bbox 1425 762 1649 803; x_wconf 89' lang='lat' dir='ltr'>quamque</span> <span class='ocrx_word' id='word_1_66' title='bbox 1698 763 1786 789; x_wconf 82' lang='lat' dir='ltr'>non</span> 
     </span>
     <span class='ocr_line' id='line_1_9' title="bbox 89 819 1790 877; baseline -0.003 -12"><span class='ocrx_word' id='word_1_67' title='bbox 89 823 250 866; x_wconf 84' lang='lat' dir='ltr'>leviter</span> <span class='ocrx_word' id='word_1_68' title='bbox 286 837 370 863; x_wconf 87' lang='lat' dir='ltr'>nec</span> <span class='ocrx_word' id='word_1_69' title='bbox 399 827 563 863; x_wconf 87' lang='lat' dir='ltr'>temere</span> <span class='ocrx_word' id='word_1_70' title='bbox 596 820 844 877; x_wconf 80' lang='lat' dir='ltr'>quidquam</span> <span class='ocrx_word' id='word_1_71' title='bbox 875 820 924 861; x_wconf 89' lang='lat' dir='ltr'>in</span> <span class='ocrx_word' id='word_1_72' title='bbox 956 834 1008 861; x_wconf 91' lang='lat' dir='ltr'>eo</span> <span class='ocrx_word' id='word_1_73' title='bbox 1042 834 1173 876; x_wconf 88' lang='lat' dir='ltr'>opere</span> <span class='ocrx_word' id='word_1_74' title='bbox 1203 819 1511 872; x_wconf 73' lang='lat' dir='ltr'>mutanduml,</span> <span class='ocrx_word' id='word_1_75' title='bbox 1545 819 1665 874; x_wconf 87' lang='lat' dir='ltr'>quod</span> <span class='ocrx_word' id='word_1_76' title='bbox 1698 823 1742 860; x_wconf 85' lang='lat' dir='ltr'>et</span> <span class='ocrx_word' id='word_1_77' title='bbox 1765 835 1790 861; x_wconf 89' lang='lat' dir='ltr'>a</span> 
     </span>
     <span class='ocr_line' id='line_1_10' title="bbox 90 890 1790 947; baseline -0.002 -12"><span class='ocrx_word' id='word_1_78' title='bbox 90 894 275 935; x_wconf 87' lang='lat' dir='ltr'>summis</span> <span class='ocrx_word' id='word_1_79' title='bbox 305 893 429 946; x_wconf 86' lang='lat' dir='ltr'>viris,</span> <span class='ocrx_word' id='word_1_80' title='bbox 463 893 639 934; x_wconf 88' lang='lat' dir='ltr'>collatis</span> <span class='ocrx_word' id='word_1_81' title='bbox 671 892 750 934; x_wconf 88' lang='lat' dir='ltr'>diu</span> <span class='ocrx_word' id='word_1_82' title='bbox 781 892 1066 947; x_wconf 89' lang='lat' dir='ltr'>multumque</span> <span class='ocrx_word' id='word_1_83' title='bbox 1099 890 1313 943; x_wconf 78' lang='lat' dir='ltr'>consiliis,</span> <span class='ocrx_word' id='word_1_84' title='bbox 1345 890 1581 932; x_wconf 86' lang='lat' dir='ltr'>redactum</span> <span class='ocrx_word' id='word_1_85' title='bbox 1613 894 1660 932; x_wconf 89' lang='lat' dir='ltr'>et</span> <span class='ocrx_word' id='word_1_86' title='bbox 1680 891 1790 932; x_wconf 86' lang='lat' dir='ltr'>duo-</span> 
     </span>
     <span class='ocr_line' id='line_1_11' title="bbox 89 962 1790 1020; baseline -0.002 -14"><span class='ocrx_word' id='word_1_87' title='bbox 89 980 189 1006; x_wconf 88' lang='lat' dir='ltr'>rum</span> <span class='ocrx_word' id='word_1_88' title='bbox 220 964 311 1006; x_wconf 87' lang='lat' dir='ltr'>fere</span> <span class='ocrx_word' id='word_1_89' title='bbox 343 963 621 1005; x_wconf 88' lang='lat' dir='ltr'>saeculorum</span> <span class='ocrx_word' id='word_1_90' title='bbox 653 964 776 1005; x_wconf 84' lang='lat' dir='ltr'>felici</span> <span class='ocrx_word' id='word_1_91' title='bbox 809 963 1090 1020; x_wconf 68' lang='lat' dir='ltr'>experientia</span> <span class='ocrx_word' id='word_1_92' title='bbox 1123 962 1480 1019; x_wconf 86' lang='lat' dir='ltr'>comprobatum,</span> <span class='ocrx_word' id='word_1_93' title='bbox 1513 965 1558 1003; x_wconf 89' lang='lat' dir='ltr'>et</span> <span class='ocrx_word' id='word_1_94' title='bbox 1591 962 1646 1003; x_wconf 88' lang='lat' dir='ltr'>ab</span> <span class='ocrx_word' id='word_1_95' title='bbox 1678 962 1790 1018; x_wconf 85' lang='lat' dir='ltr'>ipsis</span> 
     </span>
     <span class='ocr_line' id='line_1_12' title="bbox 91 1031 1787 1077; baseline -0.002 0"><span class='ocrx_word' id='word_1_96' title='bbox 91 1037 227 1077; x_wconf 87' lang='lat' dir='ltr'>etiam</span> <span class='ocrx_word' id='word_1_97' title='bbox 245 1035 489 1077; x_wconf 80' lang='lat' dir='ltr'>Societatis</span> <span class='ocrx_word' id='word_1_98' title='bbox 504 1034 711 1077; x_wconf 89' lang='lat' dir='ltr'>hostibus</span> <span class='ocrx_word' id='word_1_99' title='bbox 733 1050 825 1077; x_wconf 90' lang='lat' dir='ltr'>non</span> <span class='ocrx_word' id='word_1_100' title='bbox 846 1050 948 1077; x_wconf 83' lang='lat' dir='ltr'>raro</span> <span class='ocrx_word' id='word_1_101' title='bbox 969 1034 1182 1077; x_wconf 78' lang='lat' dir='ltr'>laudibus</span> <span class='ocrx_word' id='word_1_102' title='bbox 1204 1033 1569 1076; x_wconf 88' lang='lat' dir='ltr'>commendatum</span> <span class='ocrx_word' id='word_1_103' title='bbox 1587 1031 1787 1074; x_wconf 77' lang='lat' dir='ltr'>fuisset.“</span> 
     </span>
    </p>

    <p class='ocr_par' dir='ltr' id='par_1_3' title="bbox 86 1103 1795 1721">
     <span class='ocr_line' id='line_1_13' title="bbox 234 1103 1791 1162; baseline -0.003 -14"><span class='ocrx_word' id='word_1_104' title='bbox 234 1106 355 1155; x_wconf 79' lang='lat' dir='ltr'>Quid</span> <span class='ocrx_word' id='word_1_105' title='bbox 386 1106 534 1148; x_wconf 80' lang='lat' dir='ltr'>enim?</span> <span class='ocrx_word' id='word_1_106' title='bbox 586 1107 655 1149; x_wconf 77' lang='lat' dir='ltr'>Ex</span> <span class='ocrx_word' id='word_1_107' title='bbox 674 1111 769 1148; x_wconf 87' lang='lat' dir='ltr'>tam</span> <span class='ocrx_word' id='word_1_108' title='bbox 791 1107 961 1160; x_wconf 76' lang='lat' dir='ltr'>multis,</span> <span class='ocrx_word' id='word_1_109' title='bbox 995 1121 1108 1162; x_wconf 89' lang='lat' dir='ltr'>quae</span> <span class='ocrx_word' id='word_1_110' title='bbox 1140 1105 1189 1147; x_wconf 90' lang='lat' dir='ltr'>in</span> <span class='ocrx_word' id='word_1_111' title='bbox 1215 1104 1470 1160; x_wconf 86' lang='lat' dir='ltr'>juventutis</span> <span class='ocrx_word' id='word_1_112' title='bbox 1501 1103 1791 1145; x_wconf 85' lang='lat' dir='ltr'>institutione</span> 
     </span>
     <span class='ocr_line' id='line_1_14' title="bbox 92 1175 1792 1234; baseline -0.002 -14"><span class='ocrx_word' id='word_1_113' title='bbox 92 1194 118 1220; x_wconf 88' lang='lat' dir='ltr'>a</span> <span class='ocrx_word' id='word_1_114' title='bbox 150 1178 302 1220; x_wconf 86' lang='lat' dir='ltr'>decem</span> <span class='ocrx_word' id='word_1_115' title='bbox 333 1193 475 1233; x_wconf 88' lang='lat' dir='ltr'>eoque</span> <span class='ocrx_word' id='word_1_116' title='bbox 507 1178 702 1234; x_wconf 90' lang='lat' dir='ltr'>amplius</span> <span class='ocrx_word' id='word_1_117' title='bbox 727 1178 882 1220; x_wconf 90' lang='lat' dir='ltr'>lustris</span> <span class='ocrx_word' id='word_1_118' title='bbox 900 1180 1083 1221; x_wconf 83' lang='lat' dir='ltr'>invecta</span> <span class='ocrx_word' id='word_1_119' title='bbox 1107 1181 1213 1219; x_wconf 87' lang='lat' dir='ltr'>sunt</span> <span class='ocrx_word' id='word_1_120' title='bbox 1235 1191 1367 1229; x_wconf 87' lang='lat' dir='ltr'>nova,</span> <span class='ocrx_word' id='word_1_121' title='bbox 1399 1176 1582 1232; x_wconf 87' lang='lat' dir='ltr'>probari</span> <span class='ocrx_word' id='word_1_122' title='bbox 1601 1175 1792 1217; x_wconf 85' lang='lat' dir='ltr'>fortasse</span> 
     </span>
     <span class='ocr_line' id='line_1_15' title="bbox 92 1246 1792 1306; baseline -0.002 -15"><span class='ocrx_word' id='word_1_123' title='bbox 92 1253 303 1306; x_wconf 82' lang='lat' dir='ltr'>poterant</span> <span class='ocrx_word' id='word_1_124' title='bbox 345 1249 498 1291; x_wconf 87' lang='lat' dir='ltr'>omnia</span> <span class='ocrx_word' id='word_1_125' title='bbox 536 1253 580 1291; x_wconf 88' lang='lat' dir='ltr'>et</span> <span class='ocrx_word' id='word_1_126' title='bbox 619 1249 826 1306; x_wconf 86' lang='lat' dir='ltr'>adoptari</span> <span class='ocrx_word' id='word_1_127' title='bbox 867 1250 915 1291; x_wconf 90' lang='lat' dir='ltr'>in</span> <span class='ocrx_word' id='word_1_128' title='bbox 956 1248 1121 1291; x_wconf 86' lang='lat' dir='ltr'>scholis</span> <span class='ocrx_word' id='word_1_129' title='bbox 1159 1247 1354 1290; x_wconf 79' lang='lat' dir='ltr'>nostris?</span> <span class='ocrx_word' id='word_1_130' title='bbox 1416 1248 1573 1289; x_wconf 82' lang='lat' dir='ltr'>Novae</span> <span class='ocrx_word' id='word_1_131' title='bbox 1612 1248 1661 1288; x_wconf 91' lang='lat' dir='ltr'>in</span> <span class='ocrx_word' id='word_1_132' title='bbox 1699 1246 1792 1288; x_wconf 86' lang='lat' dir='ltr'>dies</span> 
     </span>
     <span class='ocr_line' id='line_1_16' title="bbox 93 1318 1793 1376; baseline -0.002 -14"><span class='ocrx_word' id='word_1_133' title='bbox 93 1320 316 1375; x_wconf 87' lang='lat' dir='ltr'>methodi,</span> <span class='ocrx_word' id='word_1_134' title='bbox 364 1336 510 1363; x_wconf 87' lang='lat' dir='ltr'>novae</span> <span class='ocrx_word' id='word_1_135' title='bbox 540 1320 712 1363; x_wconf 84' lang='lat' dir='ltr'>formae</span> <span class='ocrx_word' id='word_1_136' title='bbox 743 1321 977 1376; x_wconf 87' lang='lat' dir='ltr'>inventae,</span> <span class='ocrx_word' id='word_1_137' title='bbox 1025 1335 1171 1363; x_wconf 79' lang='lat' dir='ltr'>novus</span> <span class='ocrx_word' id='word_1_138' title='bbox 1210 1320 1259 1361; x_wconf 87' lang='lat' dir='ltr'>in</span> <span class='ocrx_word' id='word_1_139' title='bbox 1300 1318 1550 1361; x_wconf 85' lang='lat' dir='ltr'>tractandis</span> <span class='ocrx_word' id='word_1_140' title='bbox 1590 1318 1793 1360; x_wconf 86' lang='lat' dir='ltr'>scientiis</span> 
     </span>
     <span class='ocr_line' id='line_1_17' title="bbox 94 1391 1794 1449; baseline -0.002 -15"><span class='ocrx_word' id='word_1_141' title='bbox 94 1392 202 1435; x_wconf 84' lang='lat' dir='ltr'>ordo</span> <span class='ocrx_word' id='word_1_142' title='bbox 234 1407 382 1434; x_wconf 89' lang='lat' dir='ltr'>rerum</span> <span class='ocrx_word' id='word_1_143' title='bbox 413 1408 465 1434; x_wconf 84' lang='lat' dir='ltr'>ac</span> <span class='ocrx_word' id='word_1_144' title='bbox 496 1396 763 1449; x_wconf 89' lang='lat' dir='ltr'>temporum,</span> <span class='ocrx_word' id='word_1_145' title='bbox 794 1408 923 1449; x_wconf 82' lang='lat' dir='ltr'>saepe</span> <span class='ocrx_word' id='word_1_146' title='bbox 956 1392 1137 1448; x_wconf 88' lang='lat' dir='ltr'>quidem</span> <span class='ocrx_word' id='word_1_147' title='bbox 1158 1392 1230 1434; x_wconf 85' lang='lat' dir='ltr'>vel</span> <span class='ocrx_word' id='word_1_148' title='bbox 1262 1391 1381 1432; x_wconf 89' lang='lat' dir='ltr'>inter</span> <span class='ocrx_word' id='word_1_149' title='bbox 1412 1405 1505 1432; x_wconf 89' lang='lat' dir='ltr'>sese</span> <span class='ocrx_word' id='word_1_150' title='bbox 1535 1394 1794 1446; x_wconf 80' lang='lat' dir='ltr'>pugnantes</span> 
     </span>
     <span class='ocr_line' id='line_1_18' title="bbox 93 1461 1792 1520; baseline -0.002 -15"><span class='ocrx_word' id='word_1_151' title='bbox 93 1479 145 1505; x_wconf 87' lang='lat' dir='ltr'>ac</span> <span class='ocrx_word' id='word_1_152' title='bbox 176 1467 502 1520; x_wconf 83' lang='lat' dir='ltr'>repugnantes,</span> <span class='ocrx_word' id='word_1_153' title='bbox 544 1463 623 1519; x_wconf 87' lang='lat' dir='ltr'>qui</span> <span class='ocrx_word' id='word_1_154' title='bbox 665 1467 877 1520; x_wconf 82' lang='lat' dir='ltr'>poterant</span> <span class='ocrx_word' id='word_1_155' title='bbox 914 1478 1073 1505; x_wconf 87' lang='lat' dir='ltr'>norma</span> <span class='ocrx_word' id='word_1_156' title='bbox 1103 1463 1201 1504; x_wconf 87' lang='lat' dir='ltr'>fieri</span> <span class='ocrx_word' id='word_1_157' title='bbox 1233 1462 1395 1504; x_wconf 86' lang='lat' dir='ltr'>studiis</span> <span class='ocrx_word' id='word_1_158' title='bbox 1425 1461 1618 1503; x_wconf 78' lang='lat' dir='ltr'>nostris?</span> <span class='ocrx_word' id='word_1_159' title='bbox 1680 1461 1792 1510; x_wconf 79' lang='lat' dir='ltr'>Quis</span> 
     </span>
     <span class='ocr_line' id='line_1_19' title="bbox 87 1533 1795 1591; baseline -0.001 -15"><span class='ocrx_word' id='word_1_160' title='bbox 87 1535 238 1591; x_wconf 88' lang='lat' dir='ltr'>potius</span> <span class='ocrx_word' id='word_1_161' title='bbox 279 1534 516 1577; x_wconf 88' lang='lat' dir='ltr'>hominum</span> <span class='ocrx_word' id='word_1_162' title='bbox 555 1538 674 1577; x_wconf 89' lang='lat' dir='ltr'>recte</span> <span class='ocrx_word' id='word_1_163' title='bbox 713 1535 1005 1577; x_wconf 88' lang='lat' dir='ltr'>sentientium</span> <span class='ocrx_word' id='word_1_164' title='bbox 1039 1539 1133 1577; x_wconf 88' lang='lat' dir='ltr'>tam</span> <span class='ocrx_word' id='word_1_165' title='bbox 1165 1535 1313 1576; x_wconf 88' lang='lat' dir='ltr'>multa</span> <span class='ocrx_word' id='word_1_166' title='bbox 1342 1535 1565 1576; x_wconf 86' lang='lat' dir='ltr'>innovata</span> <span class='ocrx_word' id='word_1_167' title='bbox 1596 1548 1688 1575; x_wconf 91' lang='lat' dir='ltr'>non</span> <span class='ocrx_word' id='word_1_168' title='bbox 1721 1533 1795 1574; x_wconf 89' lang='lat' dir='ltr'>de-</span> 
     </span>
     <span class='ocr_line' id='line_1_20' title="bbox 86 1604 1793 1663; baseline -0.002 -14"><span class='ocrx_word' id='word_1_169' title='bbox 86 1607 248 1663; x_wconf 91' lang='lat' dir='ltr'>ploret,</span> <span class='ocrx_word' id='word_1_170' title='bbox 290 1622 481 1662; x_wconf 85' lang='lat' dir='ltr'>quorum</span> <span class='ocrx_word' id='word_1_171' title='bbox 519 1611 615 1648; x_wconf 87' lang='lat' dir='ltr'>tam</span> <span class='ocrx_word' id='word_1_172' title='bbox 656 1607 798 1648; x_wconf 89' lang='lat' dir='ltr'>amari</span> <span class='ocrx_word' id='word_1_173' title='bbox 836 1606 1108 1648; x_wconf 83' lang='lat' dir='ltr'>exstiterunt</span> <span class='ocrx_word' id='word_1_174' title='bbox 1139 1605 1368 1648; x_wconf 72' lang='lat' dir='ltr'>Ecclesiae</span> <span class='ocrx_word' id='word_1_175' title='bbox 1398 1604 1554 1660; x_wconf 85' lang='lat' dir='ltr'>reique</span> <span class='ocrx_word' id='word_1_176' title='bbox 1585 1604 1793 1661; x_wconf 88' lang='lat' dir='ltr'>publicae</span> 
     </span>
     <span class='ocr_line' id='line_1_21' title="bbox 87 1677 288 1721; baseline 0.01 -2"><span class='ocrx_word' id='word_1_177' title='bbox 87 1677 288 1721; x_wconf 78' lang='lat' dir='ltr'>fructus?</span> 
     </span>
    </p>

    <p class='ocr_par' dir='ltr' id='par_1_4' title="bbox 87 1747 1795 3001">
     <span class='ocr_line' id='line_1_22' title="bbox 229 1747 1793 1806; baseline -0.001 -15"><span class='ocrx_word' id='word_1_178' title='bbox 229 1749 285 1791; x_wconf 86' lang='lat' dir='ltr'>In</span> <span class='ocrx_word' id='word_1_179' title='bbox 317 1748 692 1806; x_wconf 89' lang='lat' dir='ltr'>superioribus</span> <span class='ocrx_word' id='word_1_180' title='bbox 725 1748 906 1804; x_wconf 87' lang='lat' dir='ltr'>quidem</span> <span class='ocrx_word' id='word_1_181' title='bbox 941 1748 1105 1791; x_wconf 89' lang='lat' dir='ltr'>scholis</span> <span class='ocrx_word' id='word_1_182' title='bbox 1137 1749 1231 1791; x_wconf 79' lang='lat' dir='ltr'>sive</span> <span class='ocrx_word' id='word_1_183' title='bbox 1251 1749 1300 1790; x_wconf 91' lang='lat' dir='ltr'>in</span> <span class='ocrx_word' id='word_1_184' title='bbox 1320 1747 1610 1803; x_wconf 80' lang='lat' dir='ltr'>gravioribus</span> <span class='ocrx_word' id='word_1_185' title='bbox 1632 1747 1793 1790; x_wconf 79' lang='lat' dir='ltr'>studiis</span> 
     </span>
     <span class='ocr_line' id='line_1_23' title="bbox 89 1819 1794 1876; baseline -0.001 -14"><span class='ocrx_word' id='word_1_186' title='bbox 89 1820 339 1862; x_wconf 86' lang='lat' dir='ltr'>tractandis</span> <span class='ocrx_word' id='word_1_187' title='bbox 370 1820 487 1862; x_wconf 87' lang='lat' dir='ltr'>nihil</span> <span class='ocrx_word' id='word_1_188' title='bbox 520 1819 763 1862; x_wconf 82' lang='lat' dir='ltr'>admodum</span> <span class='ocrx_word' id='word_1_189' title='bbox 795 1834 887 1861; x_wconf 90' lang='lat' dir='ltr'>esse</span> <span class='ocrx_word' id='word_1_190' title='bbox 920 1819 1184 1874; x_wconf 67' lang='lat' dir='ltr'>soliditatis,</span> <span class='ocrx_word' id='word_1_191' title='bbox 1228 1819 1393 1876; x_wconf 88' lang='lat' dir='ltr'>speciei</span> <span class='ocrx_word' id='word_1_192' title='bbox 1429 1819 1646 1872; x_wconf 80' lang='lat' dir='ltr'>multum3</span> <span class='ocrx_word' id='word_1_193' title='bbox 1699 1834 1794 1860; x_wconf 85' lang='lat' dir='ltr'>eru-</span> 
     </span>
     <span class='ocr_line' id='line_1_24' title="bbox 88 1889 1793 1948; baseline -0.002 -15"><span class='ocrx_word' id='word_1_194' title='bbox 88 1892 276 1934; x_wconf 85' lang='lat' dir='ltr'>ditionis</span> <span class='ocrx_word' id='word_1_195' title='bbox 321 1891 614 1934; x_wconf 81' lang='lat' dir='ltr'>exuberantis</span> <span class='ocrx_word' id='word_1_196' title='bbox 657 1891 934 1946; x_wconf 80' lang='lat' dir='ltr'>indigestam</span> <span class='ocrx_word' id='word_1_197' title='bbox 967 1893 1168 1948; x_wconf 83' lang='lat' dir='ltr'>copiam,</span> <span class='ocrx_word' id='word_1_198' title='bbox 1205 1894 1391 1932; x_wconf 80' lang='lat' dir='ltr'>exactae</span> <span class='ocrx_word' id='word_1_199' title='bbox 1429 1889 1793 1932; x_wconf 88' lang='lat' dir='ltr'>ratiocinationis</span> 
     </span>
     <span class='ocr_line' id='line_1_25' title="bbox 89 1961 1794 2020; baseline -0.002 -15"><span class='ocrx_word' id='word_1_200' title='bbox 89 1979 268 2020; x_wconf 83' lang='lat' dir='ltr'>parum3</span> <span class='ocrx_word' id='word_1_201' title='bbox 319 1964 540 2017; x_wconf 88' lang='lat' dir='ltr'>scientias,</span> <span class='ocrx_word' id='word_1_202' title='bbox 574 1963 612 2004; x_wconf 91' lang='lat' dir='ltr'>si</span> <span class='ocrx_word' id='word_1_203' title='bbox 644 1962 832 2019; x_wconf 85' lang='lat' dir='ltr'>physica</span> <span class='ocrx_word' id='word_1_204' title='bbox 864 1967 909 2004; x_wconf 91' lang='lat' dir='ltr'>et</span> <span class='ocrx_word' id='word_1_205' title='bbox 940 1962 1263 2005; x_wconf 84' lang='lat' dir='ltr'>mathematica</span> <span class='ocrx_word' id='word_1_206' title='bbox 1295 1961 1505 2019; x_wconf 75' lang='lat' dir='ltr'>excipias,</span> <span class='ocrx_word' id='word_1_207' title='bbox 1538 1976 1631 2003; x_wconf 86' lang='lat' dir='ltr'>non</span> <span class='ocrx_word' id='word_1_208' title='bbox 1663 1976 1794 2003; x_wconf 83' lang='lat' dir='ltr'>veros</span> 
     </span>
     <span class='ocr_line' id='line_1_26' title="bbox 89 2033 1791 2092; baseline -0.002 -15"><span class='ocrx_word' id='word_1_209' title='bbox 89 2035 247 2077; x_wconf 85' lang='lat' dir='ltr'>fecisse</span> <span class='ocrx_word' id='word_1_210' title='bbox 278 2050 553 2092; x_wconf 80' lang='lat' dir='ltr'>progressus,</span> <span class='ocrx_word' id='word_1_211' title='bbox 586 2035 663 2077; x_wconf 87' lang='lat' dir='ltr'>sed</span> <span class='ocrx_word' id='word_1_212' title='bbox 694 2034 787 2076; x_wconf 87' lang='lat' dir='ltr'>fere</span> <span class='ocrx_word' id='word_1_213' title='bbox 820 2034 868 2075; x_wconf 89' lang='lat' dir='ltr'>in</span> <span class='ocrx_word' id='word_1_214' title='bbox 899 2049 1076 2076; x_wconf 86' lang='lat' dir='ltr'>summa</span> <span class='ocrx_word' id='word_1_215' title='bbox 1107 2033 1370 2076; x_wconf 77' lang='lat' dir='ltr'>confusione</span> <span class='ocrx_word' id='word_1_216' title='bbox 1402 2033 1584 2087; x_wconf 84' lang='lat' dir='ltr'>versari,</span> <span class='ocrx_word' id='word_1_217' title='bbox 1617 2037 1670 2074; x_wconf 92' lang='lat' dir='ltr'>ut</span> <span class='ocrx_word' id='word_1_218' title='bbox 1699 2047 1791 2074; x_wconf 89' lang='lat' dir='ltr'>non</span> 
     </span>
     <span class='ocr_line' id='line_1_27' title="bbox 87 2104 1794 2163; baseline -0.002 -15"><span class='ocrx_word' id='word_1_219' title='bbox 87 2122 203 2161; x_wconf 90' lang='lat' dir='ltr'>raro,</span> <span class='ocrx_word' id='word_1_220' title='bbox 236 2122 291 2148; x_wconf 83' lang='lat' dir='ltr'>ex</span> <span class='ocrx_word' id='word_1_221' title='bbox 323 2122 411 2162; x_wconf 87' lang='lat' dir='ltr'>qua</span> <span class='ocrx_word' id='word_1_222' title='bbox 441 2111 571 2163; x_wconf 86' lang='lat' dir='ltr'>parte</span> <span class='ocrx_word' id='word_1_223' title='bbox 604 2110 692 2147; x_wconf 88' lang='lat' dir='ltr'>stet</span> <span class='ocrx_word' id='word_1_224' title='bbox 719 2106 905 2159; x_wconf 84' lang='lat' dir='ltr'>veritas,</span> <span class='ocrx_word' id='word_1_225' title='bbox 938 2105 1018 2147; x_wconf 86' lang='lat' dir='ltr'>vix</span> <span class='ocrx_word' id='word_1_226' title='bbox 1039 2109 1267 2161; x_wconf 88' lang='lat' dir='ltr'>appareat,</span> <span class='ocrx_word' id='word_1_227' title='bbox 1299 2104 1465 2161; x_wconf 86' lang='lat' dir='ltr'>passim</span> <span class='ocrx_word' id='word_1_228' title='bbox 1496 2104 1607 2146; x_wconf 83' lang='lat' dir='ltr'>boni</span> <span class='ocrx_word' id='word_1_229' title='bbox 1639 2119 1794 2145; x_wconf 79' lang='lat' dir='ltr'>omnes</span> 
     </span>
     <span class='ocr_line' id='line_1_28' title="bbox 89 2175 1794 2233; baseline -0.002 -14"><span class='ocrx_word' id='word_1_230' title='bbox 89 2177 410 2232; x_wconf 80' lang='lat' dir='ltr'>ingemiscunt.</span> <span class='ocrx_word' id='word_1_231' title='bbox 473 2177 670 2233; x_wconf 83' lang='lat' dir='ltr'>Logicae</span> <span class='ocrx_word' id='word_1_232' title='bbox 710 2192 761 2219; x_wconf 86' lang='lat' dir='ltr'>ac</span> <span class='ocrx_word' id='word_1_233' title='bbox 799 2176 1061 2219; x_wconf 86' lang='lat' dir='ltr'>dialecticae</span> <span class='ocrx_word' id='word_1_234' title='bbox 1100 2192 1279 2219; x_wconf 79' lang='lat' dir='ltr'>severae</span> <span class='ocrx_word' id='word_1_235' title='bbox 1320 2175 1525 2218; x_wconf 88' lang='lat' dir='ltr'>studium</span> <span class='ocrx_word' id='word_1_236' title='bbox 1563 2191 1678 2232; x_wconf 88' lang='lat' dir='ltr'>pene</span> <span class='ocrx_word' id='word_1_237' title='bbox 1722 2176 1794 2217; x_wconf 89' lang='lat' dir='ltr'>de-</span> 
     </span>
     <span class='ocr_line' id='line_1_29' title="bbox 91 2247 1795 2305; baseline -0.002 -15"><span class='ocrx_word' id='word_1_238' title='bbox 91 2253 294 2305; x_wconf 88' lang='lat' dir='ltr'>spectum</span> <span class='ocrx_word' id='word_1_239' title='bbox 320 2248 488 2304; x_wconf 84' lang='lat' dir='ltr'>jacere;</span> <span class='ocrx_word' id='word_1_240' title='bbox 536 2248 644 2291; x_wconf 89' lang='lat' dir='ltr'>hinc</span> <span class='ocrx_word' id='word_1_241' title='bbox 684 2263 854 2290; x_wconf 87' lang='lat' dir='ltr'>errores</span> <span class='ocrx_word' id='word_1_242' title='bbox 885 2249 1113 2291; x_wconf 88' lang='lat' dir='ltr'>mentibus</span> <span class='ocrx_word' id='word_1_243' title='bbox 1143 2248 1381 2290; x_wconf 88' lang='lat' dir='ltr'>hominum</span> <span class='ocrx_word' id='word_1_244' title='bbox 1413 2249 1549 2289; x_wconf 84' lang='lat' dir='ltr'>etiam</span> <span class='ocrx_word' id='word_1_245' title='bbox 1581 2261 1674 2288; x_wconf 88' lang='lat' dir='ltr'>non</span> <span class='ocrx_word' id='word_1_246' title='bbox 1706 2247 1795 2288; x_wconf 92' lang='lat' dir='ltr'>illi-</span> 
     </span>
     <span class='ocr_line' id='line_1_30' title="bbox 91 2318 1793 2376; baseline -0.002 -14"><span class='ocrx_word' id='word_1_247' title='bbox 91 2324 341 2362; x_wconf 84' lang='lat' dir='ltr'>teratorum</span> <span class='ocrx_word' id='word_1_248' title='bbox 372 2321 509 2362; x_wconf 87' lang='lat' dir='ltr'>inseri</span> <span class='ocrx_word' id='word_1_249' title='bbox 541 2324 607 2376; x_wconf 85' lang='lat' dir='ltr'>et,</span> <span class='ocrx_word' id='word_1_250' title='bbox 652 2336 741 2376; x_wconf 89' lang='lat' dir='ltr'>quo</span> <span class='ocrx_word' id='word_1_251' title='bbox 773 2320 870 2362; x_wconf 83' lang='lat' dir='ltr'>fato</span> <span class='ocrx_word' id='word_1_252' title='bbox 902 2321 976 2363; x_wconf 87' lang='lat' dir='ltr'>vel</span> <span class='ocrx_word' id='word_1_253' title='bbox 1009 2336 1098 2376; x_wconf 87' lang='lat' dir='ltr'>qua</span> <span class='ocrx_word' id='word_1_254' title='bbox 1129 2319 1312 2362; x_wconf 87' lang='lat' dir='ltr'>fortuna</span> <span class='ocrx_word' id='word_1_255' title='bbox 1343 2319 1536 2372; x_wconf 84' lang='lat' dir='ltr'>nescias,</span> <span class='ocrx_word' id='word_1_256' title='bbox 1579 2318 1793 2360; x_wconf 86' lang='lat' dir='ltr'>celebrari</span> 
     </span>
     <span class='ocr_line' id='line_1_31' title="bbox 91 2389 1794 2448; baseline -0.002 -15"><span class='ocrx_word' id='word_1_257' title='bbox 91 2406 172 2448; x_wconf 87' lang='lat' dir='ltr'>pro</span> <span class='ocrx_word' id='word_1_258' title='bbox 215 2392 349 2434; x_wconf 88' lang='lat' dir='ltr'>certis</span> <span class='ocrx_word' id='word_1_259' title='bbox 387 2392 657 2434; x_wconf 87' lang='lat' dir='ltr'>veritatibus</span> <span class='ocrx_word' id='word_1_260' title='bbox 695 2407 748 2434; x_wconf 88' lang='lat' dir='ltr'>ac</span> <span class='ocrx_word' id='word_1_261' title='bbox 782 2391 995 2434; x_wconf 85' lang='lat' dir='ltr'>laudibus</span> <span class='ocrx_word' id='word_1_262' title='bbox 1034 2390 1214 2444; x_wconf 82' lang='lat' dir='ltr'>extolli,</span> <span class='ocrx_word' id='word_1_263' title='bbox 1256 2389 1376 2445; x_wconf 84' lang='lat' dir='ltr'>quod</span> <span class='ocrx_word' id='word_1_264' title='bbox 1413 2389 1531 2431; x_wconf 88' lang='lat' dir='ltr'>nihil</span> <span class='ocrx_word' id='word_1_265' title='bbox 1564 2389 1718 2431; x_wconf 88' lang='lat' dir='ltr'>stricte</span> <span class='ocrx_word' id='word_1_266' title='bbox 1750 2393 1794 2430; x_wconf 90' lang='lat' dir='ltr'>et</span> 
     </span>
     <span class='ocr_line' id='line_1_32' title="bbox 93 2460 1792 2517; baseline -0.002 -13"><span class='ocrx_word' id='word_1_267' title='bbox 93 2467 302 2504; x_wconf 89' lang='lat' dir='ltr'>accurate</span> <span class='ocrx_word' id='word_1_268' title='bbox 334 2463 522 2517; x_wconf 86' lang='lat' dir='ltr'>dicatur,</span> <span class='ocrx_word' id='word_1_269' title='bbox 554 2464 682 2505; x_wconf 87' lang='lat' dir='ltr'>nulla</span> <span class='ocrx_word' id='word_1_270' title='bbox 713 2463 989 2505; x_wconf 87' lang='lat' dir='ltr'>definitionis</span> <span class='ocrx_word' id='word_1_271' title='bbox 1021 2461 1389 2504; x_wconf 87' lang='lat' dir='ltr'>distinctionisve</span> <span class='ocrx_word' id='word_1_272' title='bbox 1419 2461 1536 2502; x_wconf 89' lang='lat' dir='ltr'>ratio</span> <span class='ocrx_word' id='word_1_273' title='bbox 1558 2460 1792 2502; x_wconf 85' lang='lat' dir='ltr'>habeatur.</span> 
     </span>
     <span class='ocr_line' id='line_1_33' title="bbox 92 2531 1794 2591; baseline -0.001 -17"><span class='ocrx_word' id='word_1_274' title='bbox 92 2533 265 2588; x_wconf 86' lang='lat' dir='ltr'>Itaque,</span> <span class='ocrx_word' id='word_1_275' title='bbox 295 2534 548 2588; x_wconf 82' lang='lat' dir='ltr'>degustatis</span> <span class='ocrx_word' id='word_1_276' title='bbox 568 2534 732 2576; x_wconf 84' lang='lat' dir='ltr'>leviter</span> <span class='ocrx_word' id='word_1_277' title='bbox 752 2533 1076 2591; x_wconf 84' lang='lat' dir='ltr'>philosophicis</span> <span class='ocrx_word' id='word_1_278' title='bbox 1104 2532 1371 2589; x_wconf 82' lang='lat' dir='ltr'>discipliniS,</span> <span class='ocrx_word' id='word_1_279' title='bbox 1404 2532 1582 2588; x_wconf 90' lang='lat' dir='ltr'>prodire</span> <span class='ocrx_word' id='word_1_280' title='bbox 1605 2531 1794 2587; x_wconf 81' lang='lat' dir='ltr'>juvenes</span> 
     </span>
     <span class='ocr_line' id='line_1_34' title="bbox 92 2604 1795 2661; baseline -0.001 -16"><span class='ocrx_word' id='word_1_281' title='bbox 92 2604 230 2647; x_wconf 89' lang='lat' dir='ltr'>nullis</span> <span class='ocrx_word' id='word_1_282' title='bbox 262 2604 506 2647; x_wconf 88' lang='lat' dir='ltr'>instructos</span> <span class='ocrx_word' id='word_1_283' title='bbox 538 2605 672 2647; x_wconf 85' lang='lat' dir='ltr'>armis</span> <span class='ocrx_word' id='word_1_284' title='bbox 705 2605 919 2647; x_wconf 85' lang='lat' dir='ltr'>adversus</span> <span class='ocrx_word' id='word_1_285' title='bbox 951 2604 1228 2661; x_wconf 88' lang='lat' dir='ltr'>sophismata</span> <span class='ocrx_word' id='word_1_286' title='bbox 1259 2608 1553 2656; x_wconf 81' lang='lat' dir='ltr'>novatorum,</span> <span class='ocrx_word' id='word_1_287' title='bbox 1593 2618 1707 2658; x_wconf 88' lang='lat' dir='ltr'>quae</span> <span class='ocrx_word' id='word_1_288' title='bbox 1738 2617 1795 2643; x_wconf 78' lang='lat' dir='ltr'>ne</span> 
     </span>
     <span class='ocr_line' id='line_1_35' title="bbox 94 2673 1793 2731; baseline -0.001 -16"><span class='ocrx_word' id='word_1_289' title='bbox 94 2674 341 2716; x_wconf 86' lang='lat' dir='ltr'>discernere</span> <span class='ocrx_word' id='word_1_290' title='bbox 380 2674 564 2730; x_wconf 88' lang='lat' dir='ltr'>quidem</span> <span class='ocrx_word' id='word_1_291' title='bbox 602 2691 628 2717; x_wconf 91' lang='lat' dir='ltr'>a</span> <span class='ocrx_word' id='word_1_292' title='bbox 666 2675 820 2717; x_wconf 88' lang='lat' dir='ltr'>solidis</span> <span class='ocrx_word' id='word_1_293' title='bbox 858 2675 1140 2731; x_wconf 83' lang='lat' dir='ltr'>argumentis</span> <span class='ocrx_word' id='word_1_294' title='bbox 1179 2674 1337 2716; x_wconf 88' lang='lat' dir='ltr'>sciant.</span> <span class='ocrx_word' id='word_1_295' title='bbox 1401 2675 1523 2716; x_wconf 87' lang='lat' dir='ltr'>Hinc</span> <span class='ocrx_word' id='word_1_296' title='bbox 1555 2673 1793 2729; x_wconf 71' lang='lat' dir='ltr'>quibusvis</span> 
     </span>
     <span class='ocr_line' id='line_1_36' title="bbox 94 2745 1794 2801; baseline -0.001 -15"><span class='ocrx_word' id='word_1_297' title='bbox 94 2745 317 2787; x_wconf 86' lang='lat' dir='ltr'>erroribus</span> <span class='ocrx_word' id='word_1_298' title='bbox 349 2745 486 2787; x_wconf 88' lang='lat' dir='ltr'>etiam</span> <span class='ocrx_word' id='word_1_299' title='bbox 519 2746 865 2799; x_wconf 84' lang='lat' dir='ltr'>absurdissimis,</span> <span class='ocrx_word' id='word_1_300' title='bbox 899 2747 990 2801; x_wconf 86' lang='lat' dir='ltr'>qui,</span> <span class='ocrx_word' id='word_1_301' title='bbox 1023 2746 1111 2788; x_wconf 88' lang='lat' dir='ltr'>nisi</span> <span class='ocrx_word' id='word_1_302' title='bbox 1144 2746 1197 2788; x_wconf 87' lang='lat' dir='ltr'>de</span> <span class='ocrx_word' id='word_1_303' title='bbox 1228 2745 1362 2787; x_wconf 89' lang='lat' dir='ltr'>rebus</span> <span class='ocrx_word' id='word_1_304' title='bbox 1390 2745 1671 2801; x_wconf 78' lang='lat' dir='ltr'>gravissimis</span> <span class='ocrx_word' id='word_1_305' title='bbox 1692 2759 1794 2798; x_wconf 79' lang='lat' dir='ltr'>age-</span> 
     </span>
     <span class='ocr_line' id='line_1_37' title="bbox 94 2815 1793 2872; baseline -0.002 -15"><span class='ocrx_word' id='word_1_306' title='bbox 94 2819 238 2870; x_wconf 83' lang='lat' dir='ltr'>retur,</span> <span class='ocrx_word' id='word_1_307' title='bbox 278 2816 371 2858; x_wconf 85' lang='lat' dir='ltr'>risu</span> <span class='ocrx_word' id='word_1_308' title='bbox 403 2816 548 2871; x_wconf 79' lang='lat' dir='ltr'>magis</span> <span class='ocrx_word' id='word_1_309' title='bbox 581 2832 717 2872; x_wconf 88' lang='lat' dir='ltr'>quam</span> <span class='ocrx_word' id='word_1_310' title='bbox 749 2816 1061 2859; x_wconf 87' lang='lat' dir='ltr'>confutatione</span> <span class='ocrx_word' id='word_1_311' title='bbox 1101 2816 1232 2871; x_wconf 80' lang='lat' dir='ltr'>digni</span> <span class='ocrx_word' id='word_1_312' title='bbox 1272 2820 1439 2869; x_wconf 82' lang='lat' dir='ltr'>essent,</span> <span class='ocrx_word' id='word_1_313' title='bbox 1479 2815 1578 2872; x_wconf 83' lang='lat' dir='ltr'>capi</span> <span class='ocrx_word' id='word_1_314' title='bbox 1620 2819 1793 2856; x_wconf 74' lang='lat' dir='ltr'>mentes</span> 
     </span>
     <span class='ocr_line' id='line_1_38' title="bbox 95 2884 1791 2943; baseline -0.004 -15"><span class='ocrx_word' id='word_1_315' title='bbox 95 2892 140 2928; x_wconf 84' lang='lat' dir='ltr'>et</span> <span class='ocrx_word' id='word_1_316' title='bbox 172 2887 427 2943; x_wconf 81' lang='lat' dir='ltr'>illaqueari,</span> <span class='ocrx_word' id='word_1_317' title='bbox 474 2888 583 2943; x_wconf 88' lang='lat' dir='ltr'>quin</span> <span class='ocrx_word' id='word_1_318' title='bbox 623 2888 717 2930; x_wconf 90' lang='lat' dir='ltr'>ulla</span> <span class='ocrx_word' id='word_1_319' title='bbox 749 2891 956 2930; x_wconf 87' lang='lat' dir='ltr'>occurrat</span> <span class='ocrx_word' id='word_1_320' title='bbox 987 2886 1262 2942; x_wconf 74' lang='lat' dir='ltr'>detegendae</span> <span class='ocrx_word' id='word_1_321' title='bbox 1294 2890 1339 2927; x_wconf 88' lang='lat' dir='ltr'>et</span> <span class='ocrx_word' id='word_1_322' title='bbox 1372 2884 1791 2928; x_wconf 75' lang='lat' dir='ltr'>commonstrandae</span> 
     </span>
     <span class='ocr_line' id='line_1_39' title="bbox 96 2958 470 3001; baseline 0.003 -2"><span class='ocrx_word' id='word_1_323' title='bbox 96 2958 311 3000; x_wconf 82' lang='lat' dir='ltr'>falsitatis</span> <span class='ocrx_word' id='word_1_324' title='bbox 341 2959 470 3001; x_wconf 79' lang='lat' dir='ltr'>ratio,</span> 
     </span>
    </p>
   </div>
   <div class='ocr_carea' id='block_1_3' title="bbox 98 3047 1790 3156">
    <p class='ocr_par' dir='ltr' id='par_1_5' title="bbox 98 3047 1790 3156">
     <span class='ocr_line' id='line_1_40' title="bbox 244 3047 1790 3095; baseline -0.005 -6"><span class='ocrx_word' id='word_1_325' title='bbox 244 3055 253 3073; x_wconf 95' lang='lat'><strong>¹</strong></span> <span class='ocrx_word' id='word_1_326' title='bbox 280 3054 463 3089; x_wconf 79' lang='lat' dir='ltr'>Wirklieh</span> <span class='ocrx_word' id='word_1_327' title='bbox 499 3054 650 3087; x_wconf 82' lang='lat' dir='ltr'>schonte</span> <span class='ocrx_word' id='word_1_328' title='bbox 683 3053 742 3088; x_wconf 85' lang='lat' dir='ltr'>die</span> <span class='ocrx_word' id='word_1_329' title='bbox 773 3063 866 3087; x_wconf 87' lang='lat' dir='ltr'>neue</span> <span class='ocrx_word' id='word_1_330' title='bbox 892 3052 1102 3087; x_wconf 78' lang='lat' dir='ltr'>Redaktion</span> <span class='ocrx_word' id='word_1_331' title='bbox 1138 3051 1332 3095; x_wconf 68' lang='lat' dir='ltr'>pietatvoll</span> <span class='ocrx_word' id='word_1_332' title='bbox 1368 3051 1436 3086; x_wconf 83' lang='lat' dir='ltr'>‹len</span> <span class='ocrx_word' id='word_1_333' title='bbox 1473 3051 1572 3084; x_wconf 78' lang='lat' dir='ltr'>alten</span> <span class='ocrx_word' id='word_1_334' title='bbox 1599 3049 1693 3083; x_wconf 73' lang='lat' dir='ltr'>Text</span> <span class='ocrx_word' id='word_1_335' title='bbox 1718 3047 1790 3082; x_wconf 70' lang='lat' dir='ltr'>und</span> 
     </span>
     <span class='ocr_line' id='line_1_41' title="bbox 98 3103 997 3156; baseline 0.001 -11"><span class='ocrx_word' id='word_1_336' title='bbox 98 3111 247 3149; x_wconf 79' lang='lat' dir='ltr'>brachte</span> <span class='ocrx_word' id='word_1_337' title='bbox 273 3123 342 3148; x_wconf 85' lang='lat' dir='ltr'>nur</span> <span class='ocrx_word' id='word_1_338' title='bbox 368 3113 414 3147; x_wconf 87' lang='lat' dir='ltr'>im</span> <span class='ocrx_word' id='word_1_339' title='bbox 441 3112 577 3147; x_wconf 81' lang='lat' dir='ltr'>Notfall</span> <span class='ocrx_word' id='word_1_340' title='bbox 606 3112 685 3147; x_wconf 83' lang='lat' dir='ltr'>eine</span> <span class='ocrx_word' id='word_1_341' title='bbox 714 3103 914 3156; x_wconf 57' lang='lat' dir='ltr'>Auderung</span> <span class='ocrx_word' id='word_1_342' title='bbox 941 3122 997 3147; x_wconf 76' lang='lat' dir='ltr'>au.</span> 
     </span>
    </p>
   </div>
  </div>
 </body>
</html>
