2148 3402
203 188 492 231 Verordnungen
512 184 575 220 des
596 178 883 218 oberdeutschen
897 173 1127 212 Provinzials
1141 170 1321 207 Roseffius
1341 168 1428 203 iiber
1443 165 1500 201 «lie
1520 165 1563 199 R.
1584 168 1628 199 st.
1657 162 1747 197 1604
1784 151 1868 194 513

853 509 978 551 Nro.
1011 506 1094 548 20.

155 641 253 692 VII.
293 632 742 701 Begleitschreiben
770 629 856 678 des
890 621 1278 676 oberdeutschen
1305 615 1609 667 Provinzials
1639 613 1876 663 Roseffius

551 734 609 766 zu
648 715 734 764 der
771 708 1131 762 vorstehenden
1171 702 1476 753 Ordination.

850 807 891 849 2.
925 803 1033 859 Apr.
1068 800 1195 845 1604.

744 924 886 971 (Aah.
915 922 962 955 G.
990 922 1018 955 1.
1046 929 1079 954 c.
1107 918 1178 952 f01.
1207 915 1295 957 23.)

299 1040 405 1083 Misi
435 1037 493 1081 ad
523 1035 645 1079 RRfffl
662 1033 782 1077 VV’².⁶³
806 1027 1099 1085 Landsperga
1119 1025 1186 1068 15.
1208 1020 1338 1064 Febr.
1371 1016 1505 1060 huius
1537 1013 1645 1056 anni
1667 1012 1886 1070 quaedam

162 1115 280 1158 circa
311 1111 461 1155 studia
490 1103 784 1151 humanioral
820 1102 870 1143 in
907 1099 1075 1141 librum
1116 1095 1385 1151 deputatum
1423 1084 1724 1139 inscribenda,
1757 1087 1802 1125 et
1832 1097 1887 1124 ex

161 1189 311 1229 mente
342 1184 398 1226 R.
433 1182 484 1223 P.
516 1179 572 1222 N.
604 1175 791 1235 posthac
823 1167 1117 1215 obseruanda.
1168 1165 1229 1207 Et
1261 1161 1366 1219 quia
1398 1173 1453 1201 ex
1484 1157 1563 1199 illo
1594 1155 1690 1213 ipso
1722 1153 1888 1211 scripto

162 1253 460 1308 intellexistiS,
492 1250 637 1294 multa
667 1245 781 1290 mihi
820 1257 899 1301 pro
941 1240 1025 1283 hac
1056 1233 1297 1280 Prouincia
1327 1233 1482 1274 nostra
1513 1224 1792 1269 decernenda
1821 1238 1888 1266 re-

163 1328 324 1385 linqui,
356 1325 501 1368 denuo
532 1319 748 1379 quosdam
779 1316 937 1358 Patres
969 1326 1023 1353 ex
1056 1307 1243 1351 diuersis
1275 1299 1492 1357 Collegijs
1521 1298 1572 1340 in
1602 1297 1723 1339 hunc
1753 1295 1890 1337 finem

165 1396 426 1451 conuocaui,
474 1399 519 1436 et
556 1405 688 1449 super
733 1403 785 1431 ea
814 1401 862 1429 re
906 1385 1136 1427 accuratas
1181 1372 1535 1420 consultationes
1575 1368 1648 1410 hic
1694 1365 1890 1421 institui,

167 1484 357 1528 quorum
387 1465 605 1510 iudicium
636 1475 727 1504 vna
759 1473 860 1501 cum
891 1456 962 1498 his
994 1452 1128 1496 mitto
1160 1453 1204 1492 et
1236 1445 1448 1505 approb0‚
1490 1439 1711 1495 simulque
1743 1436 1890 1494 cupio,

168 1547 219 1585 ut
249 1541 372 1584 RRze
409 1537 533 1581 VV²².e
576 1548 669 1576 non
708 1533 888 1573 tantum
926 1526 974 1568 in
1012 1521 1203 1566 eundem
1242 1519 1412 1562 librum
1462 1514 1573 1555 haec
1617 1508 1803 1552 inscribi
1848 1512 1893 1550 et

167 1610 501 1670 quamprimum
532 1601 784 1649 executioni
821 1595 1028 1641 mandari
1069 1595 1245 1645 curent,
1287 1588 1364 1631 sed
1404 1590 1449 1628 et
1487 1584 1662 1637 hortor,
1701 1584 1755 1624 vt
1791 1592 1894 1622 suos

168 1685 482 1739 Praeceptores
501 1679 566 1720 ita
587 1676 636 1718 in
657 1673 853 1717 Domino
886 1668 1101 1723 dirigant⁷
1132 1668 1186 1706 vt
1216 1656 1450 1704 voluntati
1481 1652 1773 1710 Superiorum
1792 1654 1893 1692 tan-

170 1755 271 1797 dem
302 1753 420 1796 circa
449 1751 558 1793 haec
589 1745 889 1802 acquiescant,
922 1743 968 1781 et
998 1735 1212 1779 inanibus
1245 1728 1436 1788 querelis
1473 1726 1608 1768 finem
1644 1723 1894 1779 imponant,

169 1827 260 1869 nisi
290 1824 404 1867 forte
435 1821 588 1877 aliqua
618 1814 807 1860 subinde
838 1812 1096 1862 occurrant,
1135 1820 1252 1862 quae
1282 1802 1405 1846 RRafe
1440 1797 1562 1841 VV23e
1595 1793 1708 1837 mihi
1737 1791 1895 1834 merito

171 1893 462 1955 proponenda
512 1889 726 1933 iudicent.
795 1884 869 1927 Me
914 1879 1122 1940 precibus
1160 1881 1244 1919 etc.
1294 1900 1342 1905 -
1384 1864 1659 1926 Ingolstadij
1707 1867 1747 1908 2.
1786 1862 1896 1920 Apr.

172 1969 232 2013 A<÷
284 1968 411 2012 1604.

1239 2001 1484 2060 Gregorius
1515 1995 1754 2041 Roseffius.

324 2228 335 2247 ¹
361 2226 462 2262 Oben
493 2223 554 2259 Nr.
580 2222 637 2256 ΠΙ
667 2217 873 2266 „Quaedam
905 2211 1152 2249 Collectitia.“
1181 2228 1224 2234 -
1251 2208 1327 2243 Das
1363 2201 1561 2240 Schreiben
1595 2199 1695 2244 geht,
1731 2197 1798 2232 wie
1833 2205 1902 2230 aus

181 2289 262 2324 dem
289 2283 611 2326 Zusammenhang
637 2277 848 2315 ersichtlich
875 2275 936 2314 ist,
963 2283 1008 2307 an
1033 2271 1092 2305 die
1118 2268 1303 2304 Rektoren
1328 2265 1391 2300 der
1417 2259 1631 2305 Kollegien.

995 2628 1093 2728 ἶ(

1599 3111 1646 3145 33

272 3175 458 3200 Monumenta
476 3169 647 3196 Germaniae
666 3164 858 3197 Puedagogica
878 3163 900 3188 V
