<?xml version="1.0" encoding="UTF-8"?>
<!DOCTYPE html PUBLIC "-//W3C//DTD XHTML 1.0 Transitional//EN"
    "http://www.w3.org/TR/xhtml1/DTD/xhtml1-transitional.dtd">
<html xmlns="http://www.w3.org/1999/xhtml" xml:lang="en" lang="en">
 <head>
  <title>
</title>
<meta http-equiv="Content-Type" content="text/html;charset=utf-8" />
  <meta name='ocr-system' content='tesseract 3.04.00' />
  <meta name='ocr-capabilities' content='ocr_page ocr_carea ocr_par ocr_line ocrx_word'/>
</head>
<body>
  <div class='ocr_page' id='page_1' title='image "./ratiostudiorumet05jesu_0444.png"; bbox 0 0 2153 3467; ppageno 0'>
   <div class='ocr_carea' id='block_1_1' title="bbox 133 2883 318 2977">
    <p class='ocr_par' dir='ltr' id='par_1_1' title="bbox 133 2883 318 2977">
     <span class='ocr_line' id='line_1_1' title="bbox 136 2883 312 2913; baseline 0.006 -8"><span class='ocrx_word' id='word_1_1' title='bbox 136 2883 312 2913; x_wconf 66' lang='lat' dir='ltr'>Scriptmms</span> 
     </span>
     <span class='ocr_line' id='line_1_2' title="bbox 133 2919 318 2949; baseline 0 -7"><span class='ocrx_word' id='word_1_2' title='bbox 133 2919 318 2949; x_wconf 76' lang='lat' dir='ltr'>corrigendae</span> 
     </span>
     <span class='ocr_line' id='line_1_3' title="bbox 198 2958 285 2977; baseline 0 0"><span class='ocrx_word' id='word_1_3' title='bbox 198 2958 285 2977; x_wconf 73' lang='lat' dir='ltr'>ratio.</span> 
     </span>
    </p>
   </div>
   <div class='ocr_carea' id='block_1_2' title="bbox 346 189 432 230">
    <p class='ocr_par' dir='ltr' id='par_1_2' title="bbox 346 189 432 230">
     <span class='ocr_line' id='line_1_4' title="bbox 346 189 432 230; baseline 0 0"><span class='ocrx_word' id='word_1_4' title='bbox 346 189 432 230; x_wconf 81' lang='lat'>428</span> 
     </span>
    </p>
   </div>
   <div class='ocr_carea' id='block_1_3' title="bbox 575 199 1924 243">
    <p class='ocr_par' dir='ltr' id='par_1_3' title="bbox 575 199 1924 243">
     <span class='ocr_line' id='line_1_5' title="bbox 575 199 1924 243; baseline 0.007 -10"><span class='ocrx_word' id='word_1_5' title='bbox 575 199 685 234; x_wconf 86' lang='lat' dir='ltr'>Ratio</span> <span class='ocrx_word' id='word_1_6' title='bbox 712 200 918 235; x_wconf 83' lang='lat' dir='ltr'>studiorum</span> <span class='ocrx_word' id='word_1_7' title='bbox 945 206 983 236; x_wconf 88' lang='lat' dir='ltr'>et</span> <span class='ocrx_word' id='word_1_8' title='bbox 1007 202 1262 239; x_wconf 75' lang='lat' dir='ltr'><strong>institutiones</strong></span> <span class='ocrx_word' id='word_1_9' title='bbox 1288 205 1527 240; x_wconf 81' lang='lat' dir='ltr'>scholasticae</span> <span class='ocrx_word' id='word_1_10' title='bbox 1554 206 1746 242; x_wconf 87' lang='lat' dir='ltr'>Societatis</span> <span class='ocrx_word' id='word_1_11' title='bbox 1772 208 1862 243; x_wconf 85' lang='lat' dir='ltr'>Jesu</span> <span class='ocrx_word' id='word_1_12' title='bbox 1886 209 1924 243; x_wconf 93' lang='lat' dir='ltr'>II</span> 
     </span>
    </p>
   </div>
   <div class='ocr_carea' id='block_1_4' title="bbox 346 273 1740 284">
    <p class='ocr_par' dir='ltr' id='par_1_4' title="bbox 346 273 1740 284">
     <span class='ocr_line' id='line_1_6' title="bbox 346 273 1740 284; baseline 0 0"><span class='ocrx_word' id='word_1_13' title='bbox 346 273 1740 284; x_wconf 95' lang='lat' dir='ltr'> </span> 
     </span>
    </p>
   </div>
   <div class='ocr_carea' id='block_1_5' title="bbox 347 316 1199 373">
    <p class='ocr_par' dir='ltr' id='par_1_5' title="bbox 347 316 1199 373">
     <span class='ocr_line' id='line_1_7' title="bbox 347 316 1199 373; baseline 0.008 -16"><span class='ocrx_word' id='word_1_14' title='bbox 347 317 395 358; x_wconf 89' lang='lat' dir='ltr'>in</span> <span class='ocrx_word' id='word_1_15' title='bbox 428 316 528 358; x_wconf 90' lang='lat' dir='ltr'>aliis</span> <span class='ocrx_word' id='word_1_16' title='bbox 561 321 784 373; x_wconf 88' lang='lat' dir='ltr'>quantum</span> <span class='ocrx_word' id='word_1_17' title='bbox 806 334 981 362; x_wconf 85' lang='lat' dir='ltr'>necesse</span> <span class='ocrx_word' id='word_1_18' title='bbox 1003 326 1070 363; x_wconf 89' lang='lat' dir='ltr'>est</span> <span class='ocrx_word' id='word_1_19' title='bbox 1096 320 1199 364; x_wconf 86' lang='lat' dir='ltr'>hae-</span> 
     </span>
    </p>
   </div>
   <div class='ocr_carea' id='block_1_6' title="bbox 350 387 1220 520">
    <p class='ocr_par' dir='ltr' id='par_1_6' title="bbox 350 387 1220 520">
     <span class='ocr_line' id='line_1_8' title="bbox 351 387 1220 448; baseline 0.008 -20"><span class='ocrx_word' id='word_1_20' title='bbox 351 387 505 429; x_wconf 89' lang='lat' dir='ltr'>rendo.</span> <span class='ocrx_word' id='word_1_21' title='bbox 559 388 783 432; x_wconf 89' lang='lat' dir='ltr'>Absoluta</span> <span class='ocrx_word' id='word_1_22' title='bbox 802 405 909 433; x_wconf 88' lang='lat' dir='ltr'>vero</span> <span class='ocrx_word' id='word_1_23' title='bbox 930 392 1198 448; x_wconf 90' lang='lat' dir='ltr'>repetitione</span> <span class='ocrx_word' id='word_1_24' title='bbox 1219 426 1220 436; x_wconf 45' lang='lat'>2</span> 
     </span>
     <span class='ocr_line' id='line_1_9' title="bbox 350 458 1220 520; baseline 0.006 -21"><span class='ocrx_word' id='word_1_25' title='bbox 350 458 694 515; x_wconf 74' lang='lat' dir='ltr'>grammaticae,</span> <span class='ocrx_word' id='word_1_26' title='bbox 745 461 949 517; x_wconf 89' lang='lat' dir='ltr'>quotidie</span> <span class='ocrx_word' id='word_1_27' title='bbox 992 461 1199 520; x_wconf 75' lang='lat' dir='ltr'>deinceps</span> <span class='ocrx_word' id='word_1_28' title='bbox 1219 482 1220 520; x_wconf 25' lang='grc' dir='ltr'><strong>ᾗ</strong></span> 
     </span>
    </p>
   </div>
   <div class='ocr_carea' id='block_1_7' title="bbox 342 530 1202 2145">
    <p class='ocr_par' dir='ltr' id='par_1_7' title="bbox 348 530 1202 798">
     <span class='ocr_line' id='line_1_10' title="bbox 348 530 1201 590; baseline 0.007 -20"><span class='ocrx_word' id='word_1_29' title='bbox 348 543 418 570; x_wconf 87' lang='lat' dir='ltr'>ars</span> <span class='ocrx_word' id='word_1_30' title='bbox 473 530 659 573; x_wconf 88' lang='lat' dir='ltr'>metrica</span> <span class='ocrx_word' id='word_1_31' title='bbox 711 532 962 589; x_wconf 70' lang='lat' dir='ltr'>explicetur</span> <span class='ocrx_word' id='word_1_32' title='bbox 1014 533 1201 590; x_wconf 82' lang='lat' dir='ltr'>adjectis</span> 
     </span>
     <span class='ocr_line' id='line_1_11' title="bbox 353 600 1202 660; baseline 0.007 -19"><span class='ocrx_word' id='word_1_33' title='bbox 353 600 712 657; x_wconf 80' lang='lat' dir='ltr'>exceptionibus,</span> <span class='ocrx_word' id='word_1_34' title='bbox 746 603 996 646; x_wconf 85' lang='lat' dir='ltr'>carminum</span> <span class='ocrx_word' id='word_1_35' title='bbox 1026 605 1202 660; x_wconf 89' lang='lat' dir='ltr'>generi-</span> 
     </span>
     <span class='ocr_line' id='line_1_12' title="bbox 351 670 1202 732; baseline 0.007 -20"><span class='ocrx_word' id='word_1_36' title='bbox 351 670 455 726; x_wconf 85' lang='lat' dir='ltr'>bus,</span> <span class='ocrx_word' id='word_1_37' title='bbox 512 676 558 714; x_wconf 89' lang='lat' dir='ltr'>et</span> <span class='ocrx_word' id='word_1_38' title='bbox 607 687 721 728; x_wconf 89' lang='lat' dir='ltr'>quae</span> <span class='ocrx_word' id='word_1_39' title='bbox 772 673 825 716; x_wconf 92' lang='lat' dir='ltr'>de</span> <span class='ocrx_word' id='word_1_40' title='bbox 875 675 1202 732; x_wconf 84' lang='lat' dir='ltr'>patronymicis</span> 
     </span>
     <span class='ocr_line' id='line_1_13' title="bbox 348 744 998 798; baseline 0.006 -14"><span class='ocrx_word' id='word_1_41' title='bbox 348 746 484 798; x_wconf 89' lang='lat' dir='ltr'>atque</span> <span class='ocrx_word' id='word_1_42' title='bbox 517 749 706 786; x_wconf 88' lang='lat' dir='ltr'>accentu</span> <span class='ocrx_word' id='word_1_43' title='bbox 739 744 998 790; x_wconf 88' lang='lat' dir='ltr'>traduntur.</span> 
     </span>
    </p>

    <p class='ocr_par' dir='ltr' id='par_1_8' title="bbox 342 813 1197 1860">
     <span class='ocr_line' id='line_1_14' title="bbox 486 813 1196 872; baseline 0.004 -16"><span class='ocrx_word' id='word_1_44' title='bbox 486 813 642 857; x_wconf 90' lang='lat' dir='ltr'>Prima</span> <span class='ocrx_word' id='word_1_45' title='bbox 653 814 875 857; x_wconf 85' lang='lat' dir='ltr'>semihora</span> <span class='ocrx_word' id='word_1_46' title='bbox 885 816 1196 872; x_wconf 86' lang='lat' dir='ltr'>pomeridiana</span> 
     </span>
     <span class='ocr_line' id='line_1_15' title="bbox 345 885 1197 943; baseline 0.006 -17"><span class='ocrx_word' id='word_1_47' title='bbox 345 885 601 927; x_wconf 86' lang='lat' dir='ltr'>memoriter</span> <span class='ocrx_word' id='word_1_48' title='bbox 629 889 761 942; x_wconf 79' lang='lat' dir='ltr'>poeta</span> <span class='ocrx_word' id='word_1_49' title='bbox 792 901 1068 943; x_wconf 85' lang='lat' dir='ltr'>graecusque</span> <span class='ocrx_word' id='word_1_50' title='bbox 1088 903 1197 941; x_wconf 51' lang='lat' dir='ltr'>,auc-</span> 
     </span>
     <span class='ocr_line' id='line_1_16' title="bbox 346 956 1195 1014; baseline 0.007 -17"><span class='ocrx_word' id='word_1_51' title='bbox 346 961 416 998; x_wconf 93' lang='lat' dir='ltr'>tor</span> <span class='ocrx_word' id='word_1_52' title='bbox 451 956 682 1011; x_wconf 86' lang='lat' dir='ltr'>recitetur,</span> <span class='ocrx_word' id='word_1_53' title='bbox 722 963 1069 1014; x_wconf 85' lang='lat' dir='ltr'>recognoscente</span> <span class='ocrx_word' id='word_1_54' title='bbox 1100 960 1195 1003; x_wconf 90' lang='lat' dir='ltr'>Ma-</span> 
     </span>
     <span class='ocr_line' id='line_1_17' title="bbox 344 1027 1197 1089; baseline 0.007 -21"><span class='ocrx_word' id='word_1_55' title='bbox 344 1027 487 1082; x_wconf 87' lang='lat' dir='ltr'>gistro</span> <span class='ocrx_word' id='word_1_56' title='bbox 541 1027 835 1070; x_wconf 87' lang='lat' dir='ltr'>decurionum</span> <span class='ocrx_word' id='word_1_57' title='bbox 886 1033 1015 1072; x_wconf 89' lang='lat' dir='ltr'>notas</span> <span class='ocrx_word' id='word_1_58' title='bbox 1061 1031 1197 1089; x_wconf 89' lang='lat' dir='ltr'>scrip-</span> 
     </span>
     <span class='ocr_line' id='line_1_18' title="bbox 345 1098 1197 1159; baseline 0.007 -20"><span class='ocrx_word' id='word_1_59' title='bbox 345 1102 493 1153; x_wconf 88' lang='lat' dir='ltr'>taque,</span> <span class='ocrx_word' id='word_1_60' title='bbox 537 1098 610 1141; x_wconf 89' lang='lat' dir='ltr'>vel</span> <span class='ocrx_word' id='word_1_61' title='bbox 647 1113 761 1155; x_wconf 88' lang='lat' dir='ltr'>quae</span> <span class='ocrx_word' id='word_1_62' title='bbox 798 1114 931 1143; x_wconf 88' lang='lat' dir='ltr'>mane</span> <span class='ocrx_word' id='word_1_63' title='bbox 977 1100 1197 1159; x_wconf 89' lang='lat' dir='ltr'>imperata</span> 
     </span>
     <span class='ocr_line' id='line_1_19' title="bbox 345 1170 1196 1226; baseline 0.006 -15"><span class='ocrx_word' id='word_1_64' title='bbox 345 1174 472 1224; x_wconf 87' lang='lat' dir='ltr'>sunt,</span> <span class='ocrx_word' id='word_1_65' title='bbox 512 1170 586 1212; x_wconf 83' lang='lat' dir='ltr'>vel</span> <span class='ocrx_word' id='word_1_66' title='bbox 626 1185 738 1226; x_wconf 87' lang='lat' dir='ltr'>quae</span> <span class='ocrx_word' id='word_1_67' title='bbox 785 1186 840 1214; x_wconf 85' lang='lat' dir='ltr'>ex</span> <span class='ocrx_word' id='word_1_68' title='bbox 880 1171 1013 1215; x_wconf 91' lang='lat' dir='ltr'>domo</span> <span class='ocrx_word' id='word_1_69' title='bbox 1046 1173 1196 1216; x_wconf 88' lang='lat' dir='ltr'>allatis</span> 
     </span>
     <span class='ocr_line' id='line_1_20' title="bbox 345 1241 1195 1300; baseline 0.007 -18"><span class='ocrx_word' id='word_1_70' title='bbox 345 1241 667 1297; x_wconf 80' lang='lat' dir='ltr'>superfuerint,</span> <span class='ocrx_word' id='word_1_71' title='bbox 701 1243 969 1300; x_wconf 87' lang='lat' dir='ltr'>corrigente.</span> <span class='ocrx_word' id='word_1_72' title='bbox 1014 1273 1060 1278; x_wconf 85' lang='lat'>—</span> <span class='ocrx_word' id='word_1_73' title='bbox 1098 1245 1195 1288; x_wconf 85' lang='lat' dir='ltr'>Ses-</span> 
     </span>
     <span class='ocr_line' id='line_1_21' title="bbox 343 1311 1196 1372; baseline 0.007 -19"><span class='ocrx_word' id='word_1_74' title='bbox 343 1311 534 1367; x_wconf 88' lang='lat' dir='ltr'>quihora</span> <span class='ocrx_word' id='word_1_75' title='bbox 581 1327 856 1370; x_wconf 86' lang='lat' dir='ltr'>consequens</span> <span class='ocrx_word' id='word_1_76' title='bbox 899 1320 1058 1372; x_wconf 76' lang='lat' dir='ltr'>poetae</span> <span class='ocrx_word' id='word_1_77' title='bbox 1097 1320 1196 1359; x_wconf 87' lang='lat' dir='ltr'>tum</span> 
     </span>
     <span class='ocr_line' id='line_1_22' title="bbox 343 1383 1196 1444; baseline 0.007 -19"><span class='ocrx_word' id='word_1_78' title='bbox 343 1383 578 1426; x_wconf 87' lang='lat' dir='ltr'>recolendo</span> <span class='ocrx_word' id='word_1_79' title='bbox 640 1389 740 1428; x_wconf 89' lang='lat' dir='ltr'>tum</span> <span class='ocrx_word' id='word_1_80' title='bbox 802 1386 1089 1444; x_wconf 85' lang='lat' dir='ltr'>explicando,</span> <span class='ocrx_word' id='word_1_81' title='bbox 1152 1393 1196 1431; x_wconf 89' lang='lat' dir='ltr'>et</span> 
     </span>
     <span class='ocr_line' id='line_1_23' title="bbox 343 1458 1194 1514; baseline 0.007 -18"><span class='ocrx_word' id='word_1_82' title='bbox 343 1469 529 1511; x_wconf 84' lang='lat' dir='ltr'>graecae</span> <span class='ocrx_word' id='word_1_83' title='bbox 586 1460 685 1498; x_wconf 89' lang='lat' dir='ltr'>tum</span> <span class='ocrx_word' id='word_1_84' title='bbox 745 1458 1037 1514; x_wconf 87' lang='lat' dir='ltr'>praelectioni</span> <span class='ocrx_word' id='word_1_85' title='bbox 1097 1464 1194 1502; x_wconf 87' lang='lat' dir='ltr'>tum</span> 
     </span>
     <span class='ocr_line' id='line_1_24' title="bbox 344 1526 1196 1587; baseline 0.007 -19"><span class='ocrx_word' id='word_1_86' title='bbox 344 1526 579 1584; x_wconf 84' lang='lat' dir='ltr'>scriptioni</span> <span class='ocrx_word' id='word_1_87' title='bbox 610 1527 676 1570; x_wconf 91' lang='lat' dir='ltr'>ita</span> <span class='ocrx_word' id='word_1_88' title='bbox 707 1528 953 1584; x_wconf 86' lang='lat' dir='ltr'>dividatur,</span> <span class='ocrx_word' id='word_1_89' title='bbox 986 1534 1039 1573; x_wconf 91' lang='lat' dir='ltr'>ut</span> <span class='ocrx_word' id='word_1_90' title='bbox 1069 1546 1196 1587; x_wconf 89' lang='lat' dir='ltr'>grae-</span> 
     </span>
     <span class='ocr_line' id='line_1_25' title="bbox 343 1598 1194 1657; baseline 0.007 -18"><span class='ocrx_word' id='word_1_91' title='bbox 343 1598 406 1640; x_wconf 90' lang='lat' dir='ltr'>cis</span> <span class='ocrx_word' id='word_1_92' title='bbox 436 1599 572 1655; x_wconf 88' lang='lat' dir='ltr'>paulo</span> <span class='ocrx_word' id='word_1_93' title='bbox 603 1599 706 1656; x_wconf 89' lang='lat' dir='ltr'>plus</span> <span class='ocrx_word' id='word_1_94' title='bbox 739 1599 870 1644; x_wconf 89' lang='lat' dir='ltr'>detur</span> <span class='ocrx_word' id='word_1_95' title='bbox 899 1616 1035 1657; x_wconf 89' lang='lat' dir='ltr'>quam</span> <span class='ocrx_word' id='word_1_96' title='bbox 1064 1603 1194 1645; x_wconf 90' lang='lat' dir='ltr'>semi-</span> 
     </span>
     <span class='ocr_line' id='line_1_26' title="bbox 342 1669 1195 1728; baseline 0.007 -17"><span class='ocrx_word' id='word_1_97' title='bbox 342 1669 466 1711; x_wconf 86' lang='lat' dir='ltr'>hora.</span> <span class='ocrx_word' id='word_1_98' title='bbox 511 1696 568 1701; x_wconf 93' lang='lat'>——</span> <span class='ocrx_word' id='word_1_99' title='bbox 610 1670 788 1714; x_wconf 89' lang='lat' dir='ltr'>Ultima</span> <span class='ocrx_word' id='word_1_100' title='bbox 836 1672 1074 1728; x_wconf 83' lang='lat' dir='ltr'>semihora,</span> <span class='ocrx_word' id='word_1_101' title='bbox 1121 1674 1195 1717; x_wconf 87' lang='lat' dir='ltr'>vel</span> 
     </span>
     <span class='ocr_line' id='line_1_27' title="bbox 343 1740 1196 1799; baseline 0.007 -17"><span class='ocrx_word' id='word_1_102' title='bbox 343 1740 466 1796; x_wconf 87' lang='lat' dir='ltr'>quod</span> <span class='ocrx_word' id='word_1_103' title='bbox 482 1740 605 1784; x_wconf 90' lang='lat' dir='ltr'>illius</span> <span class='ocrx_word' id='word_1_104' title='bbox 619 1742 843 1799; x_wconf 89' lang='lat' dir='ltr'>reliquum</span> <span class='ocrx_word' id='word_1_105' title='bbox 860 1744 1011 1799; x_wconf 86' lang='lat' dir='ltr'>fuerit,</span> <span class='ocrx_word' id='word_1_106' title='bbox 1030 1745 1078 1787; x_wconf 92' lang='lat' dir='ltr'>in</span> <span class='ocrx_word' id='word_1_107' title='bbox 1092 1760 1196 1788; x_wconf 91' lang='lat' dir='ltr'>con-</span> 
     </span>
     <span class='ocr_line' id='line_1_28' title="bbox 344 1812 1030 1860; baseline 0.009 -7"><span class='ocrx_word' id='word_1_108' title='bbox 344 1812 670 1855; x_wconf 85' lang='lat' dir='ltr'>certationibus</span> <span class='ocrx_word' id='word_1_109' title='bbox 702 1814 1030 1860; x_wconf 81' lang='lat' dir='ltr'>coilocandum.</span> 
     </span>
    </p>

    <p class='ocr_par' dir='ltr' id='par_1_9' title="bbox 344 1883 1196 2145">
     <span class='ocr_line' id='line_1_29' title="bbox 487 1883 1193 1945; baseline 0.008 -20"><span class='ocrx_word' id='word_1_110' title='bbox 487 1883 573 1926; x_wconf 89' lang='lat' dir='ltr'>Die</span> <span class='ocrx_word' id='word_1_111' title='bbox 621 1885 800 1928; x_wconf 87' lang='lat' dir='ltr'>sabbati</span> <span class='ocrx_word' id='word_1_112' title='bbox 841 1901 973 1929; x_wconf 90' lang='lat' dir='ltr'>mane</span> <span class='ocrx_word' id='word_1_113' title='bbox 1014 1888 1193 1945; x_wconf 90' lang='lat' dir='ltr'>publice</span> 
     </span>
     <span class='ocr_line' id='line_1_30' title="bbox 344 1953 1196 2002; baseline 0.007 -6"><span class='ocrx_word' id='word_1_114' title='bbox 344 1953 593 1998; x_wconf 86' lang='lat' dir='ltr'>recitentur</span> <span class='ocrx_word' id='word_1_115' title='bbox 606 1958 864 2000; x_wconf 84' lang='lat' dir='ltr'>memoriter</span> <span class='ocrx_word' id='word_1_116' title='bbox 875 1959 1017 2001; x_wconf 86' lang='lat' dir='ltr'>totius</span> <span class='ocrx_word' id='word_1_117' title='bbox 1031 1959 1196 2002; x_wconf 88' lang='lat' dir='ltr'>hebdo-</span> 
     </span>
     <span class='ocr_line' id='line_1_31' title="bbox 344 2025 1195 2087; baseline 0.007 -20"><span class='ocrx_word' id='word_1_118' title='bbox 344 2025 502 2068; x_wconf 89' lang='lat' dir='ltr'>madae</span> <span class='ocrx_word' id='word_1_119' title='bbox 535 2027 607 2069; x_wconf 88' lang='lat' dir='ltr'>vel</span> <span class='ocrx_word' id='word_1_120' title='bbox 639 2028 779 2071; x_wconf 89' lang='lat' dir='ltr'>totius</span> <span class='ocrx_word' id='word_1_121' title='bbox 810 2028 916 2071; x_wconf 90' lang='lat' dir='ltr'>libri</span> <span class='ocrx_word' id='word_1_122' title='bbox 938 2031 1195 2087; x_wconf 90' lang='lat' dir='ltr'>praelectio-</span> 
     </span>
     <span class='ocr_line' id='line_1_32' title="bbox 345 2100 1193 2145; baseline 0.008 -7"><span class='ocrx_word' id='word_1_123' title='bbox 345 2112 434 2139; x_wconf 88' lang='lat' dir='ltr'>nes.</span> <span class='ocrx_word' id='word_1_124' title='bbox 472 2124 519 2129; x_wconf 82' lang='lat'>—</span> <span class='ocrx_word' id='word_1_125' title='bbox 558 2100 766 2142; x_wconf 79' lang='lat' dir='ltr'>Secunda</span> <span class='ocrx_word' id='word_1_126' title='bbox 791 2100 901 2142; x_wconf 91' lang='lat' dir='ltr'>hora</span> <span class='ocrx_word' id='word_1_127' title='bbox 923 2102 1193 2145; x_wconf 83' lang='lat' dir='ltr'>recolantur.</span> 
     </span>
    </p>
   </div>
   <div class='ocr_carea' id='block_1_8' title="bbox 347 2169 1213 2216">
    <p class='ocr_par' dir='ltr' id='par_1_10' title="bbox 347 2169 1213 2216">
     <span class='ocr_line' id='line_1_33' title="bbox 347 2169 1213 2216; baseline 0.005 -5"><span class='ocrx_word' id='word_1_128' title='bbox 347 2195 398 2200; x_wconf 86' lang='lat'><em>-</em></span> <span class='ocrx_word' id='word_1_129' title='bbox 433 2169 611 2212; x_wconf 90' lang='lat' dir='ltr'>Ultima</span> <span class='ocrx_word' id='word_1_130' title='bbox 641 2171 867 2214; x_wconf 85' lang='lat' dir='ltr'>semihora</span> <span class='ocrx_word' id='word_1_131' title='bbox 898 2177 1213 2216; x_wconf 51' lang='lat' dir='ltr'>concertetur.¹¹</span> 
     </span>
    </p>
   </div>
   <div class='ocr_carea' id='block_1_9' title="bbox 344 2240 1195 2430">
    <p class='ocr_par' dir='ltr' id='par_1_11' title="bbox 344 2240 1195 2430">
     <span class='ocr_line' id='line_1_34' title="bbox 344 2240 1194 2301; baseline 0.007 -20"><span class='ocrx_word' id='word_1_132' title='bbox 344 2266 400 2271; x_wconf 78' lang='lat'>-—</span> <span class='ocrx_word' id='word_1_133' title='bbox 424 2240 549 2283; x_wconf 89' lang='lat' dir='ltr'>Idem</span> <span class='ocrx_word' id='word_1_134' title='bbox 572 2241 652 2283; x_wconf 91' lang='lat' dir='ltr'>fiat</span> <span class='ocrx_word' id='word_1_135' title='bbox 674 2257 700 2284; x_wconf 92' lang='lat' dir='ltr'>a</span> <span class='ocrx_word' id='word_1_136' title='bbox 719 2243 925 2299; x_wconf 88' lang='lat' dir='ltr'>prandio,</span> <span class='ocrx_word' id='word_1_137' title='bbox 959 2244 1048 2286; x_wconf 90' lang='lat' dir='ltr'>nisi</span> <span class='ocrx_word' id='word_1_138' title='bbox 1073 2246 1194 2301; x_wconf 89' lang='lat' dir='ltr'>quod</span> 
     </span>
     <span class='ocr_line' id='line_1_35' title="bbox 345 2312 1195 2367; baseline 0.006 -14"><span class='ocrx_word' id='word_1_139' title='bbox 345 2313 490 2367; x_wconf 87' lang='lat' dir='ltr'>prima</span> <span class='ocrx_word' id='word_1_140' title='bbox 521 2312 631 2355; x_wconf 88' lang='lat' dir='ltr'>hora</span> <span class='ocrx_word' id='word_1_141' title='bbox 664 2315 803 2356; x_wconf 88' lang='lat' dir='ltr'>etiam</span> <span class='ocrx_word' id='word_1_142' title='bbox 842 2315 1100 2358; x_wconf 86' lang='lat' dir='ltr'>memoriter</span> <span class='ocrx_word' id='word_1_143' title='bbox 1130 2331 1195 2358; x_wconf 90' lang='lat' dir='ltr'>re-</span> 
     </span>
     <span class='ocr_line' id='line_1_36' title="bbox 346 2383 864 2430; baseline 0.01 -6"><span class='ocrx_word' id='word_1_144' title='bbox 346 2383 511 2426; x_wconf 82' lang='lat' dir='ltr'>citatur</span> <span class='ocrx_word' id='word_1_145' title='bbox 544 2385 864 2430; x_wconf 85' lang='lat' dir='ltr'>Catechismus.</span> 
     </span>
    </p>
   </div>
   <div class='ocr_carea' id='block_1_10' title="bbox 1218 328 1221 840">
    <p class='ocr_par' dir='ltr' id='par_1_12' title="bbox 1218 328 1221 840">
     <span class='ocr_line' id='line_1_37' title="bbox 1218 328 1221 840; baseline 0 0"><span class='ocrx_word' id='word_1_146' title='bbox 1218 328 1221 840; x_wconf 95' lang='lat' dir='ltr'> </span> 
     </span>
    </p>
   </div>
   <div class='ocr_carea' id='block_1_11' title="bbox 1212 818 2106 2571">
    <p class='ocr_par' dir='ltr' id='par_1_13' title="bbox 1234 818 2106 1929">
     <span class='ocr_line' id='line_1_38' title="bbox 1378 818 2083 877; baseline 0.004 -17"><span class='ocrx_word' id='word_1_147' title='bbox 1378 818 1533 861; x_wconf 88' lang='lat' dir='ltr'>Prima</span> <span class='ocrx_word' id='word_1_148' title='bbox 1600 820 1710 861; x_wconf 88' lang='lat' dir='ltr'>hora</span> <span class='ocrx_word' id='word_1_149' title='bbox 1769 821 2083 877; x_wconf 86' lang='lat' dir='ltr'>pomeridiana</span> 
     </span>
     <span class='ocr_line' id='line_1_39' title="bbox 1238 889 2084 946; baseline 0.004 -15"><span class='ocrx_word' id='word_1_150' title='bbox 1238 889 1421 931; x_wconf 89' lang='lat' dir='ltr'>alternis</span> <span class='ocrx_word' id='word_1_151' title='bbox 1443 889 1600 932; x_wconf 89' lang='lat' dir='ltr'>diebus</span> <span class='ocrx_word' id='word_1_152' title='bbox 1622 891 1920 946; x_wconf 87' lang='lat' dir='ltr'>grammatica</span> <span class='ocrx_word' id='word_1_153' title='bbox 1939 891 2084 935; x_wconf 88' lang='lat' dir='ltr'>latina</span> 
     </span>
     <span class='ocr_line' id='line_1_40' title="bbox 1237 960 2083 1018; baseline 0.004 -16"><span class='ocrx_word' id='word_1_154' title='bbox 1237 963 1281 1002; x_wconf 88' lang='lat' dir='ltr'>et</span> <span class='ocrx_word' id='word_1_155' title='bbox 1295 975 1365 1002; x_wconf 88' lang='lat' dir='ltr'>ars</span> <span class='ocrx_word' id='word_1_156' title='bbox 1382 961 1580 1016; x_wconf 89' lang='lat' dir='ltr'>metrica,</span> <span class='ocrx_word' id='word_1_157' title='bbox 1604 960 1708 1003; x_wconf 90' lang='lat' dir='ltr'>dein</span> <span class='ocrx_word' id='word_1_158' title='bbox 1727 966 1884 1005; x_wconf 91' lang='lat' dir='ltr'>auctor</span> <span class='ocrx_word' id='word_1_159' title='bbox 1900 963 2083 1018; x_wconf 86' lang='lat' dir='ltr'>latinus,</span> 
     </span>
     <span class='ocr_line' id='line_1_41' title="bbox 1236 1031 2084 1089; baseline 0.006 -17"><span class='ocrx_word' id='word_1_160' title='bbox 1236 1035 1287 1073; x_wconf 88' lang='lat' dir='ltr'>ut</span> <span class='ocrx_word' id='word_1_161' title='bbox 1332 1031 1579 1088; x_wconf 89' lang='lat' dir='ltr'>plurimum</span> <span class='ocrx_word' id='word_1_162' title='bbox 1624 1036 1781 1089; x_wconf 76' lang='lat' dir='ltr'>poeta,</span> <span class='ocrx_word' id='word_1_163' title='bbox 1827 1034 2084 1077; x_wconf 85' lang='lat' dir='ltr'>memoriter</span> 
     </span>
     <span class='ocr_line' id='line_1_42' title="bbox 1235 1102 2083 1161; baseline 0.006 -18"><span class='ocrx_word' id='word_1_164' title='bbox 1235 1102 1462 1158; x_wconf 89' lang='lat' dir='ltr'>recitetur,</span> <span class='ocrx_word' id='word_1_165' title='bbox 1494 1108 1842 1160; x_wconf 83' lang='lat' dir='ltr'>recognoscente</span> <span class='ocrx_word' id='word_1_166' title='bbox 1861 1105 2083 1161; x_wconf 88' lang='lat' dir='ltr'>Magistro</span> 
     </span>
     <span class='ocr_line' id='line_1_43' title="bbox 1236 1172 2082 1232; baseline 0.005 -17"><span class='ocrx_word' id='word_1_167' title='bbox 1236 1172 1528 1217; x_wconf 88' lang='lat' dir='ltr'>decurionum</span> <span class='ocrx_word' id='word_1_168' title='bbox 1559 1180 1703 1230; x_wconf 83' lang='lat' dir='ltr'>notaS,</span> <span class='ocrx_word' id='word_1_169' title='bbox 1735 1175 1989 1232; x_wconf 87' lang='lat' dir='ltr'>scriptaque</span> <span class='ocrx_word' id='word_1_170' title='bbox 2008 1177 2082 1221; x_wconf 86' lang='lat' dir='ltr'>vel</span> 
     </span>
     <span class='ocr_line' id='line_1_44' title="bbox 1235 1245 2085 1305; baseline 0.004 -18"><span class='ocrx_word' id='word_1_171' title='bbox 1235 1259 1366 1287; x_wconf 88' lang='lat' dir='ltr'>mane</span> <span class='ocrx_word' id='word_1_172' title='bbox 1402 1245 1628 1303; x_wconf 85' lang='lat' dir='ltr'>imperata</span> <span class='ocrx_word' id='word_1_173' title='bbox 1667 1246 1740 1290; x_wconf 79' lang='lat' dir='ltr'>vel</span> <span class='ocrx_word' id='word_1_174' title='bbox 1784 1261 1898 1302; x_wconf 86' lang='lat' dir='ltr'>quae</span> <span class='ocrx_word' id='word_1_175' title='bbox 1935 1262 2085 1305; x_wconf 88' lang='lat' dir='ltr'>super-</span> 
     </span>
     <span class='ocr_line' id='line_1_45' title="bbox 1236 1314 2106 1372; baseline 0.003 -15"><span class='ocrx_word' id='word_1_176' title='bbox 1236 1314 1407 1357; x_wconf 84' lang='lat' dir='ltr'>fuerint</span> <span class='ocrx_word' id='word_1_177' title='bbox 1440 1316 1711 1372; x_wconf 88' lang='lat' dir='ltr'>corrigente;</span> <span class='ocrx_word' id='word_1_178' title='bbox 1745 1316 1803 1359; x_wconf 89' lang='lat' dir='ltr'>ad</span> <span class='ocrx_word' id='word_1_179' title='bbox 1836 1320 2106 1360; x_wconf 71' lang='lat' dir='ltr'>extremum·</span> 
     </span>
     <span class='ocr_line' id='line_1_46' title="bbox 1235 1388 2085 1441; baseline 0.004 -13"><span class='ocrx_word' id='word_1_180' title='bbox 1235 1388 1533 1441; x_wconf 86' lang='lat' dir='ltr'>grammatica</span> <span class='ocrx_word' id='word_1_181' title='bbox 1568 1388 1641 1431; x_wconf 85' lang='lat' dir='ltr'>Vel</span> <span class='ocrx_word' id='word_1_182' title='bbox 1680 1403 1751 1430; x_wconf 90' lang='lat' dir='ltr'>ars</span> <span class='ocrx_word' id='word_1_183' title='bbox 1788 1389 1975 1431; x_wconf 87' lang='lat' dir='ltr'>metrica</span> <span class='ocrx_word' id='word_1_184' title='bbox 2006 1404 2085 1431; x_wconf 70' lang='lat' dir='ltr'>‹ex-</span> 
     </span>
     <span class='ocr_line' id='line_1_47' title="bbox 1235 1457 2085 1516; baseline 0.004 -17"><span class='ocrx_word' id='word_1_185' title='bbox 1235 1457 1428 1514; x_wconf 90' lang='lat' dir='ltr'>plicetur</span> <span class='ocrx_word' id='word_1_186' title='bbox 1459 1473 1511 1501; x_wconf 91' lang='lat' dir='ltr'>ac</span> <span class='ocrx_word' id='word_1_187' title='bbox 1536 1463 1778 1516; x_wconf 85' lang='lat' dir='ltr'>repetatur.</span> <span class='ocrx_word' id='word_1_188' title='bbox 1802 1485 1856 1491; x_wconf 91' lang='grc'>--</span> <span class='ocrx_word' id='word_1_189' title='bbox 1879 1460 2085 1503; x_wconf 86' lang='lat' dir='ltr'>Secunda</span> 
     </span>
     <span class='ocr_line' id='line_1_48' title="bbox 1235 1528 2085 1587; baseline 0.001 -16"><span class='ocrx_word' id='word_1_190' title='bbox 1235 1528 1347 1571; x_wconf 90' lang='lat' dir='ltr'>hora</span> <span class='ocrx_word' id='word_1_191' title='bbox 1392 1534 1525 1587; x_wconf 73' lang='lat' dir='ltr'>poeta</span> <span class='ocrx_word' id='word_1_192' title='bbox 1579 1530 1749 1572; x_wconf 89' lang='lat' dir='ltr'>latinus</span> <span class='ocrx_word' id='word_1_193' title='bbox 1801 1534 1847 1572; x_wconf 87' lang='lat' dir='ltr'>et</span> <span class='ocrx_word' id='word_1_194' title='bbox 1899 1530 2085 1573; x_wconf 88' lang='lat' dir='ltr'>alternis</span> 
     </span>
     <span class='ocr_line' id='line_1_49' title="bbox 1235 1600 2085 1659; baseline 0.002 -17"><span class='ocrx_word' id='word_1_195' title='bbox 1235 1600 1392 1644; x_wconf 90' lang='lat' dir='ltr'>diebus</span> <span class='ocrx_word' id='word_1_196' title='bbox 1423 1605 1580 1643; x_wconf 87' lang='lat' dir='ltr'>auctor</span> <span class='ocrx_word' id='word_1_197' title='bbox 1609 1616 1796 1658; x_wconf 88' lang='lat' dir='ltr'>graecus</span> <span class='ocrx_word' id='word_1_198' title='bbox 1819 1601 2085 1659; x_wconf 84' lang='lat' dir='ltr'>explanetur</span> 
     </span>
     <span class='ocr_line' id='line_1_50' title="bbox 1236 1671 2081 1715; baseline 0.001 -1"><span class='ocrx_word' id='word_1_199' title='bbox 1236 1687 1287 1714; x_wconf 92' lang='lat' dir='ltr'>ac</span> <span class='ocrx_word' id='word_1_200' title='bbox 1317 1671 1555 1715; x_wconf 88' lang='lat' dir='ltr'>recolatur.</span> <span class='ocrx_word' id='word_1_201' title='bbox 1606 1672 1726 1715; x_wconf 92' lang='lat' dir='ltr'>Dein</span> <span class='ocrx_word' id='word_1_202' title='bbox 1757 1671 1911 1715; x_wconf 90' lang='lat' dir='ltr'>thema</span> <span class='ocrx_word' id='word_1_203' title='bbox 1942 1672 2081 1715; x_wconf 85' lang='lat' dir='ltr'>dicte-</span> 
     </span>
     <span class='ocr_line' id='line_1_51' title="bbox 1234 1743 2084 1787; baseline 0.001 -2"><span class='ocrx_word' id='word_1_204' title='bbox 1234 1748 1320 1786; x_wconf 92' lang='lat' dir='ltr'>tur.</span> <span class='ocrx_word' id='word_1_205' title='bbox 1356 1770 1410 1774; x_wconf 86' lang='lat'>—</span> <span class='ocrx_word' id='word_1_206' title='bbox 1442 1743 1620 1787; x_wconf 88' lang='lat' dir='ltr'>Ultima</span> <span class='ocrx_word' id='word_1_207' title='bbox 1653 1743 1877 1786; x_wconf 89' lang='lat' dir='ltr'>semihora</span> <span class='ocrx_word' id='word_1_208' title='bbox 1907 1757 2084 1786; x_wconf 88' lang='lat' dir='ltr'>concer-</span> 
     </span>
     <span class='ocr_line' id='line_1_52' title="bbox 1235 1814 2085 1871; baseline 0.002 -15"><span class='ocrx_word' id='word_1_209' title='bbox 1235 1814 1399 1857; x_wconf 88' lang='lat' dir='ltr'>tationi</span> <span class='ocrx_word' id='word_1_210' title='bbox 1420 1815 1494 1857; x_wconf 89' lang='lat' dir='ltr'>vel</span> <span class='ocrx_word' id='word_1_211' title='bbox 1513 1814 1698 1871; x_wconf 88' lang='lat' dir='ltr'>linguae</span> <span class='ocrx_word' id='word_1_212' title='bbox 1720 1815 1989 1858; x_wconf 89' lang='lat' dir='ltr'>vernaculae</span> <span class='ocrx_word' id='word_1_213' title='bbox 2005 1820 2085 1858; x_wconf 87' lang='lat' dir='ltr'>aut</span> 
     </span>
     <span class='ocr_line' id='line_1_53' title="bbox 1236 1885 1808 1929; baseline -0.002 0"><span class='ocrx_word' id='word_1_214' title='bbox 1236 1885 1490 1929; x_wconf 88' lang='lat' dir='ltr'>accessoriis</span> <span class='ocrx_word' id='word_1_215' title='bbox 1524 1885 1808 1928; x_wconf 85' lang='lat' dir='ltr'>concedatur.</span> 
     </span>
    </p>

    <p class='ocr_par' dir='ltr' id='par_1_14' title="bbox 1212 1956 2084 2571">
     <span class='ocr_line' id='line_1_54' title="bbox 1377 1956 2084 2015; baseline 0 -15"><span class='ocrx_word' id='word_1_216' title='bbox 1377 1957 1462 2000; x_wconf 91' lang='lat' dir='ltr'>Die</span> <span class='ocrx_word' id='word_1_217' title='bbox 1503 1956 1682 1999; x_wconf 83' lang='lat' dir='ltr'>sabbati</span> <span class='ocrx_word' id='word_1_218' title='bbox 1730 1972 1862 2000; x_wconf 87' lang='lat' dir='ltr'>mane</span> <span class='ocrx_word' id='word_1_219' title='bbox 1907 1957 2084 2015; x_wconf 89' lang='lat' dir='ltr'>publice</span> 
     </span>
     <span class='ocr_line' id='line_1_55' title="bbox 1234 2028 2083 2072; baseline 0.001 -1"><span class='ocrx_word' id='word_1_220' title='bbox 1234 2029 1479 2071; x_wconf 88' lang='lat' dir='ltr'>recitentur</span> <span class='ocrx_word' id='word_1_221' title='bbox 1510 2029 1767 2071; x_wconf 89' lang='lat' dir='ltr'>memoriter</span> <span class='ocrx_word' id='word_1_222' title='bbox 1807 2028 1947 2072; x_wconf 87' lang='lat' dir='ltr'>totius</span> <span class='ocrx_word' id='word_1_223' title='bbox 1979 2029 2083 2072; x_wconf 88' lang='lat' dir='ltr'>heb-</span> 
     </span>
     <span class='ocr_line' id='line_1_56' title="bbox 1234 2098 2084 2156; baseline 0 -14"><span class='ocrx_word' id='word_1_224' title='bbox 1234 2099 1451 2142; x_wconf 87' lang='lat' dir='ltr'>domadae</span> <span class='ocrx_word' id='word_1_225' title='bbox 1486 2099 1561 2141; x_wconf 89' lang='lat' dir='ltr'>vel</span> <span class='ocrx_word' id='word_1_226' title='bbox 1592 2099 1736 2142; x_wconf 89' lang='lat' dir='ltr'>totius</span> <span class='ocrx_word' id='word_1_227' title='bbox 1766 2098 1872 2141; x_wconf 89' lang='lat' dir='ltr'>libri</span> <span class='ocrx_word' id='word_1_228' title='bbox 1892 2100 2084 2156; x_wconf 89' lang='lat' dir='ltr'>praelec-</span> 
     </span>
     <span class='ocr_line' id='line_1_57' title="bbox 1233 2170 2081 2213; baseline 0 -1"><span class='ocrx_word' id='word_1_229' title='bbox 1233 2171 1389 2213; x_wconf 72' lang='lat' dir='ltr'>tiones</span> <span class='ocrx_word' id='word_1_230' title='bbox 1400 2196 1445 2202; x_wconf 92' lang='lat'>—</span> <span class='ocrx_word' id='word_1_231' title='bbox 1462 2170 1670 2213; x_wconf 84' lang='lat' dir='ltr'>Secunda</span> <span class='ocrx_word' id='word_1_232' title='bbox 1687 2171 1797 2213; x_wconf 90' lang='lat' dir='ltr'>hora</span> <span class='ocrx_word' id='word_1_233' title='bbox 1812 2170 2081 2213; x_wconf 86' lang='lat' dir='ltr'>recolantur.</span> 
     </span>
     <span class='ocr_line' id='line_1_58' title="bbox 1236 2241 2084 2285; baseline 0 -1"><span class='ocrx_word' id='word_1_234' title='bbox 1236 2268 1288 2274; x_wconf 91' lang='grc'>-</span> <span class='ocrx_word' id='word_1_235' title='bbox 1322 2242 1496 2285; x_wconf 90' lang='lat' dir='ltr'>Ultima</span> <span class='ocrx_word' id='word_1_236' title='bbox 1538 2241 1759 2283; x_wconf 88' lang='lat' dir='ltr'>semihora</span> <span class='ocrx_word' id='word_1_237' title='bbox 1805 2246 2084 2284; x_wconf 87' lang='lat' dir='ltr'>concertetur</span> 
     </span>
     <span class='ocr_line' id='line_1_59' title="bbox 1232 2312 2082 2357; baseline -0.001 -1"><span class='ocrx_word' id='word_1_238' title='bbox 1232 2314 1305 2357; x_wconf 88' lang='lat' dir='ltr'>vel</span> <span class='ocrx_word' id='word_1_239' title='bbox 1354 2313 1638 2355; x_wconf 89' lang='lat' dir='ltr'>declametur.</span> <span class='ocrx_word' id='word_1_240' title='bbox 1674 2338 1725 2343; x_wconf 92' lang='lat'><em>-</em></span> <span class='ocrx_word' id='word_1_241' title='bbox 1760 2312 1886 2355; x_wconf 88' lang='lat' dir='ltr'>Idem</span> <span class='ocrx_word' id='word_1_242' title='bbox 1928 2313 2009 2355; x_wconf 86' lang='lat' dir='ltr'>fiat</span> <span class='ocrx_word' id='word_1_243' title='bbox 2057 2329 2082 2355; x_wconf 89' lang='lat' dir='ltr'>a</span> 
     </span>
     <span class='ocr_line' id='line_1_60' title="bbox 1212 2383 2082 2443; baseline -0.001 -16"><span class='ocrx_word' id='word_1_244' title='bbox 1212 2384 1441 2443; x_wconf 70' lang='lat' dir='ltr'>prandio,</span> <span class='ocrx_word' id='word_1_245' title='bbox 1488 2383 1576 2425; x_wconf 87' lang='lat' dir='ltr'>nisi</span> <span class='ocrx_word' id='word_1_246' title='bbox 1619 2384 1739 2440; x_wconf 89' lang='lat' dir='ltr'>quod</span> <span class='ocrx_word' id='word_1_247' title='bbox 1785 2383 1931 2441; x_wconf 89' lang='lat' dir='ltr'>prima</span> <span class='ocrx_word' id='word_1_248' title='bbox 1971 2383 2082 2426; x_wconf 90' lang='lat' dir='ltr'>hora</span> 
     </span>
     <span class='ocr_line' id='line_1_61' title="bbox 1230 2454 2081 2498; baseline -0.001 0"><span class='ocrx_word' id='word_1_249' title='bbox 1230 2456 1365 2498; x_wconf 88' lang='lat' dir='ltr'>etiam</span> <span class='ocrx_word' id='word_1_250' title='bbox 1413 2454 1669 2496; x_wconf 87' lang='lat' dir='ltr'>memoriter</span> <span class='ocrx_word' id='word_1_251' title='bbox 1706 2454 1925 2497; x_wconf 86' lang='lat' dir='ltr'>recitatur</span> <span class='ocrx_word' id='word_1_252' title='bbox 1964 2458 2081 2497; x_wconf 87' lang='lat' dir='ltr'>cate-</span> 
     </span>
     <span class='ocr_line' id='line_1_62' title="bbox 1230 2527 1443 2571; baseline -0.019 0"><span class='ocrx_word' id='word_1_253' title='bbox 1230 2527 1443 2571; x_wconf 90' lang='lat' dir='ltr'>chismus.</span> 
     </span>
    </p>
   </div>
   <div class='ocr_carea' id='block_1_12' title="bbox 1212 1484 1217 2570">
    <p class='ocr_par' dir='ltr' id='par_1_15' title="bbox 1212 1484 1217 2570">
     <span class='ocr_line' id='line_1_63' title="bbox 1212 1484 1217 2570; baseline 0 0"><span class='ocrx_word' id='word_1_254' title='bbox 1212 1484 1217 2570; x_wconf 95' lang='lat' dir='ltr'> </span> 
     </span>
    </p>
   </div>
   <div class='ocr_carea' id='block_1_13' title="bbox 347 2596 2081 2727">
    <p class='ocr_par' dir='ltr' id='par_1_16' title="bbox 347 2596 2081 2727">
     <span class='ocr_line' id='line_1_64' title="bbox 489 2596 2081 2656; baseline 0.001 -18"><span class='ocrx_word' id='word_1_255' title='bbox 489 2597 664 2640; x_wconf 89' lang='lat' dir='ltr'>Ultima</span> <span class='ocrx_word' id='word_1_256' title='bbox 695 2597 917 2641; x_wconf 86' lang='lat' dir='ltr'>semihora</span> <span class='ocrx_word' id='word_1_257' title='bbox 949 2600 997 2642; x_wconf 91' lang='lat' dir='ltr'>in</span> <span class='ocrx_word' id='word_1_258' title='bbox 1029 2599 1331 2656; x_wconf 84' lang='lat' dir='ltr'>explicatione</span> <span class='ocrx_word' id='word_1_259' title='bbox 1370 2596 1631 2639; x_wconf 88' lang='lat' dir='ltr'>catechismi</span> <span class='ocrx_word' id='word_1_260' title='bbox 1664 2597 1737 2640; x_wconf 88' lang='lat' dir='ltr'>vel</span> <span class='ocrx_word' id='word_1_261' title='bbox 1767 2596 1844 2654; x_wconf 90' lang='lat' dir='ltr'>pia</span> <span class='ocrx_word' id='word_1_262' title='bbox 1875 2597 2081 2639; x_wconf 90' lang='lat' dir='ltr'>cohorta-</span> 
     </span>
     <span class='ocr_line' id='line_1_65' title="bbox 347 2667 2079 2727; baseline 0.001 -19"><span class='ocrx_word' id='word_1_263' title='bbox 347 2668 482 2721; x_wconf 88' lang='lat' dir='ltr'>tione,</span> <span class='ocrx_word' id='word_1_264' title='bbox 516 2668 602 2709; x_wconf 86' lang='lat' dir='ltr'>nisi</span> <span class='ocrx_word' id='word_1_265' title='bbox 624 2668 736 2711; x_wconf 89' lang='lat' dir='ltr'>feria</span> <span class='ocrx_word' id='word_1_266' title='bbox 755 2677 884 2712; x_wconf 84' lang='lat' dir='ltr'>sexta</span> <span class='ocrx_word' id='word_1_267' title='bbox 906 2670 1065 2713; x_wconf 86' lang='lat' dir='ltr'>habita</span> <span class='ocrx_word' id='word_1_268' title='bbox 1084 2670 1156 2724; x_wconf 89' lang='lat' dir='ltr'>sit,</span> <span class='ocrx_word' id='word_1_269' title='bbox 1189 2674 1400 2727; x_wconf 80' lang='lat' dir='ltr'>ponetur3</span> <span class='ocrx_word' id='word_1_270' title='bbox 1435 2667 1505 2709; x_wconf 85' lang='lat' dir='ltr'>sin</span> <span class='ocrx_word' id='word_1_271' title='bbox 1525 2671 1688 2722; x_wconf 89' lang='lat' dir='ltr'>autem,</span> <span class='ocrx_word' id='word_1_272' title='bbox 1721 2667 1769 2709; x_wconf 90' lang='lat' dir='ltr'>in</span> <span class='ocrx_word' id='word_1_273' title='bbox 1790 2683 1841 2710; x_wconf 89' lang='lat' dir='ltr'>ea</span> <span class='ocrx_word' id='word_1_274' title='bbox 1862 2682 1909 2710; x_wconf 89' lang='lat' dir='ltr'>re</span> <span class='ocrx_word' id='word_1_275' title='bbox 1927 2667 2079 2722; x_wconf 88' lang='lat' dir='ltr'>ferme,</span> 
     </span>
    </p>
   </div>
   <div class='ocr_carea' id='block_1_14' title="bbox 347 2738 1196 2864">
    <p class='ocr_par' dir='ltr' id='par_1_17' title="bbox 347 2738 1196 2864">
     <span class='ocr_line' id='line_1_66' title="bbox 347 2738 1196 2794; baseline 0.002 -15"><span class='ocrx_word' id='word_1_276' title='bbox 347 2739 395 2780; x_wconf 87' lang='lat' dir='ltr'>in</span> <span class='ocrx_word' id='word_1_277' title='bbox 427 2738 552 2794; x_wconf 88' lang='lat' dir='ltr'>cujus</span> <span class='ocrx_word' id='word_1_278' title='bbox 584 2739 731 2782; x_wconf 86' lang='lat' dir='ltr'>locum</span> <span class='ocrx_word' id='word_1_279' title='bbox 767 2746 862 2782; x_wconf 84' lang='lat' dir='ltr'>tum</span> <span class='ocrx_word' id='word_1_280' title='bbox 898 2741 1196 2783; x_wconf 89' lang='lat' dir='ltr'>catechismus</span> 
     </span>
     <span class='ocr_line' id='line_1_67' title="bbox 348 2810 621 2864; baseline -0.004 -11"><span class='ocrx_word' id='word_1_281' title='bbox 348 2813 386 2853; x_wconf 78' lang='lat'>2.</span> <span class='ocrx_word' id='word_1_282' title='bbox 421 2810 468 2851; x_wconf 90' lang='lat' dir='ltr'>in</span> <span class='ocrx_word' id='word_1_283' title='bbox 501 2810 621 2864; x_wconf 90' lang='lat' dir='ltr'>fine.)</span> 
     </span>
    </p>
   </div>
   <div class='ocr_carea' id='block_1_15' title="bbox 1228 2738 2079 2794">
    <p class='ocr_par' dir='ltr' id='par_1_18' title="bbox 1228 2738 2079 2794">
     <span class='ocr_line' id='line_1_68' title="bbox 1228 2738 2079 2794; baseline -0.001 -13"><span class='ocrx_word' id='word_1_284' title='bbox 1228 2744 1511 2781; x_wconf 88' lang='lat' dir='ltr'>successerat.</span> <span class='ocrx_word' id='word_1_285' title='bbox 1563 2739 1636 2794; x_wconf 86' lang='lat' dir='ltr'>(V.</span> <span class='ocrx_word' id='word_1_286' title='bbox 1659 2753 1750 2794; x_wconf 87' lang='lat' dir='ltr'>reg.</span> <span class='ocrx_word' id='word_1_287' title='bbox 1786 2738 1907 2780; x_wconf 83' lang='lat' dir='ltr'>Prof.</span> <span class='ocrx_word' id='word_1_288' title='bbox 1941 2738 2079 2780; x_wconf 88' lang='lat' dir='ltr'>Hum.</span> 
     </span>
    </p>
   </div>
   <div class='ocr_carea' id='block_1_16' title="bbox 486 2880 2079 2939">
    <p class='ocr_par' dir='ltr' id='par_1_19' title="bbox 486 2880 2079 2939">
     <span class='ocr_line' id='line_1_69' title="bbox 486 2880 2079 2939; baseline -0.001 -16"><span class='ocrx_word' id='word_1_289' title='bbox 486 2880 532 2927; x_wconf 80' lang='lat'>3.</span> <span class='ocrx_word' id='word_1_290' title='bbox 582 2881 636 2922; x_wconf 89' lang='lat' dir='ltr'>In</span> <span class='ocrx_word' id='word_1_291' title='bbox 669 2882 912 2939; x_wconf 83' lang='lat' dir='ltr'>scriptione</span> <span class='ocrx_word' id='word_1_292' title='bbox 944 2882 1212 2938; x_wconf 87' lang='lat' dir='ltr'>corrigenda</span> <span class='ocrx_word' id='word_1_293' title='bbox 1243 2881 1424 2936; x_wconf 89' lang='lat' dir='ltr'>indicet,</span> <span class='ocrx_word' id='word_1_294' title='bbox 1469 2882 1506 2924; x_wconf 88' lang='lat' dir='ltr'>si</span> <span class='ocrx_word' id='word_1_295' title='bbox 1539 2880 1648 2937; x_wconf 87' lang='lat' dir='ltr'>quid</span> <span class='ocrx_word' id='word_1_296' title='bbox 1668 2885 1824 2924; x_wconf 88' lang='lat' dir='ltr'>contra</span> <span class='ocrx_word' id='word_1_297' title='bbox 1845 2884 2079 2937; x_wconf 88' lang='lat' dir='ltr'>praecepta</span> 
     </span>
    </p>
   </div>
   <div class='ocr_carea' id='block_1_17' title="bbox 356 2951 1969 3010">
    <p class='ocr_par' dir='ltr' id='par_1_20' title="bbox 356 2951 1969 3010">
     <span class='ocr_line' id='line_1_70' title="bbox 356 2951 1969 3010; baseline 0 -17"><span class='ocrx_word' id='word_1_298' title='bbox 356 2952 695 3007; x_wconf 87' lang='lat' dir='ltr'>grammaticae,</span> <span class='ocrx_word' id='word_1_299' title='bbox 733 2953 1109 3010; x_wconf 85' lang='lat' dir='ltr'>orthographiae,</span> <span class='ocrx_word' id='word_1_300' title='bbox 1162 2953 1543 3009; x_wconf 87' lang='lat' dir='ltr'>interpunctionis</span> <span class='ocrx_word' id='word_1_301' title='bbox 1600 2956 1835 3009; x_wconf 87' lang='lat' dir='ltr'>peccatum</span> <span class='ocrx_word' id='word_1_302' title='bbox 1892 2951 1969 3004; x_wconf 81' lang='lat' dir='ltr'>sit3</span> 
     </span>
    </p>
   </div>
   <div class='ocr_carea' id='block_1_18' title="bbox 2034 2952 2072 2994">
    <p class='ocr_par' dir='ltr' id='par_1_21' title="bbox 2034 2952 2072 2994">
     <span class='ocr_line' id='line_1_71' title="bbox 2034 2952 2072 2994; baseline 0.026 -1"><span class='ocrx_word' id='word_1_303' title='bbox 2034 2952 2072 2994; x_wconf 89' lang='lat' dir='ltr'>si</span> 
     </span>
    </p>
   </div>
   <div class='ocr_carea' id='block_1_19' title="bbox 345 3021 2078 3087">
    <p class='ocr_par' dir='ltr' id='par_1_22' title="bbox 345 3021 2078 3087">
     <span class='ocr_line' id='line_1_72' title="bbox 345 3021 2078 3087; baseline -0.001 -23"><span class='ocrx_word' id='word_1_304' title='bbox 345 3023 599 3065; x_wconf 84' lang='lat' dir='ltr'>declinatae</span> <span class='ocrx_word' id='word_1_305' title='bbox 633 3023 945 3077; x_wconf 82' lang='lat' dir='ltr'>difficultates,</span> <span class='ocrx_word' id='word_1_306' title='bbox 995 3024 1031 3065; x_wconf 86' lang='lat' dir='ltr'>si</span> <span class='ocrx_word' id='word_1_307' title='bbox 1071 3038 1162 3065; x_wconf 88' lang='lat' dir='ltr'>non</span> <span class='ocrx_word' id='word_1_308' title='bbox 1202 3022 1359 3065; x_wconf 86' lang='lat' dir='ltr'>habita</span> <span class='ocrx_word' id='word_1_309' title='bbox 1399 3023 1648 3078; x_wconf 84' lang='lat' dir='ltr'>elegantiae</span> <span class='ocrx_word' id='word_1_310' title='bbox 1688 3027 1767 3064; x_wconf 86' lang='lat' dir='ltr'>aut</span> <span class='ocrx_word' id='word_1_311' title='bbox 1806 3021 2078 3087; x_wconf 85' lang='lat' dir='ltr'>imitationis</span> 
     </span>
    </p>
   </div>
   <div class='ocr_carea' id='block_1_20' title="bbox 344 3094 473 3136">
    <p class='ocr_par' dir='ltr' id='par_1_23' title="bbox 344 3094 473 3136">
     <span class='ocr_line' id='line_1_73' title="bbox 344 3094 473 3136; baseline -0.008 0"><span class='ocrx_word' id='word_1_312' title='bbox 344 3094 473 3136; x_wconf 88' lang='lat' dir='ltr'>ratio.</span> 
     </span>
    </p>
   </div>
   <div class='ocr_carea' id='block_1_21' title="bbox 2114 2529 2153 3467">
    <p class='ocr_par' dir='ltr' id='par_1_24' title="bbox 2114 2529 2153 3467">
     <span class='ocr_line' id='line_1_74' title="bbox 2114 2529 2153 3467; baseline 0 0"><span class='ocrx_word' id='word_1_313' title='bbox 2114 2529 2153 3467; x_wconf 95' lang='lat' dir='ltr'> </span> 
     </span>
    </p>
   </div>
  </div>
 </body>
</html>
