2143 3462
100 1179 316 1204 Mnthenmtiene

107 1216 258 1240 auditores
280 1219 307 1238 vt

149 1256 275 1281 tempus.

179 2175 299 2199 {sc-home

163 2211 316 2234 inferiores

200 2251 279 2277 quut.

101 2458 159 2481 Cur
181 2466 235 2482 non
260 2466 319 2488 per-

94 2494 257 2517 minvmnlne
280 2501 329 2517 nec·

84 2530 332 2559 multiplicandae.

108 2814 170 2838 Duo
190 2813 308 2837 ordines

94 2850 123 2872 in
147 2857 200 2873 uua
221 2849 319 2872 classe.

340 193 424 237 256
517 201 627 239 Ratio
657 196 864 240 studiorum
891 208 929 239 et.
956 197 1207 240 institutiones
1235 195 1480 239 scholasticae
1506 195 1699 239 Societatis
1727 195 1818 240 Jesu
1842 196 1882 240 ῘῘ

1199 323 1311 383 {duo
1343 322 1464 363 intra
1497 322 1730 364 biennium
1759 322 1950 364 subeant
1970 338 2071 364 exa-

1200 431 1201 439 .
1223 393 1346 435 mina
1364 393 1418 434 de
1439 393 1670 447 theologia
1693 393 1867 448 morali,
1890 393 2071 449 singula

1200 474 1304 521 ³per
1333 479 1475 506 unum
1508 464 1666 505 saltem
1693 463 1828 505 horae
1852 465 2074 519 quadran-

1224 540 1327 577 tem.
1377 534 1465 584 Qui
1488 549 1594 576 Vero
1617 549 1697 591 per
1719 534 1952 576 biennium
1974 539 2073 576 tan—

1224 612 1321 647 tum
1354 605 1611 660 theologiae
1643 605 1951 662 applicantur,
1985 607 2073 647 sin-

1224 677 1343 730 gulis
1383 677 1513 718 annis
1551 691 1737 718 examen
1777 676 1967 718 subeant
1997 692 2074 733 per

1224 747 1506 789 semihoram.
1559 748 1618 788 Et
1637 747 1818 802 utrique
1846 752 2074 804 praeterea

1225 833 1302 875 per
1342 818 1579 860 dimidiam
1619 818 1776 859 horam
1817 819 2074 860 examinen-

1225 894 1299 931 tur
1331 889 1385 931 de
1418 889 1605 931 scientia
1636 890 1884 931 necessaria
1917 889 1974 931 ad
1999 905 2075 931 au-

1203 961 1411 1003 diendas
1445 960 1764 1015 confessiones,
1811 961 2072 1017 priusquam

1226 1032 1282 1073 ad
1315 1047 1462 1073 sacros
1496 1031 1675 1073 ordines
1710 1036 2074 1088 promoveantur.

1227 1104 1393 1159 Congr.
1427 1104 1562 1147 XIII.
1598 1103 1712 1144 decr.
1749 1106 1816 1147 16.

466 1176 546 1223 20.
569 1176 776 1218 Audiant
798 1180 842 1217 et
865 1173 1187 1230 secu-ndo'Phi-
1316 1174 1396 1220 20.
1432 1175 1597 1217 Omnes
1630 1174 1764 1231 primi
1798 1175 1904 1216 anni
1933 1174 2076 1231 philo-

338 1248 568 1304 losophiae
617 1262 734 1289 anno
778 1246 1044 1302 Philosophi
1097 1260 1188 1287 om·
1227 1245 1357 1302 sophi
1377 1261 1456 1302 per
1475 1245 1631 1287 horam
1655 1245 1833 1288 circiter
1852 1245 1900 1286 in
1925 1245 2077 1287 schola

336 1333 413 1359 nes
433 1319 480 1359 in
503 1317 657 1359 schola
678 1317 825 1359 tribus
847 1316 1026 1358 circiter
1053 1316 1187 1357 horae
1228 1316 1415 1358 audient
1432 1317 1632 1372 quotidie
1649 1317 1971 1373 pralectionem
1986 1331 2077 1358 ma-

335 1388 666 1445 quadrantibus
676 1387 1045 1430 Mathematicam
1060 1402 1187 1444 prae-
1228 1387 1535 1441 thematicam,
1559 1387 1717 1443 suique
1738 1386 1966 1444 profectus
1983 1402 2078 1444 spe-

334 1460 586 1502 lectionem.
652 1459 701 1501 Si
741 1459 820 1515 qui
857 1463 1061 1515 praterea
1096 1459 1188 1500 sint
1229 1457 1375 1500 cimen
1420 1458 1604 1514 aliquod
1637 1463 1704 1499 ter
1734 1459 1807 1500 vel
1841 1462 2000 1514 quater
2030 1458 2077 1499 in

334 1531 487 1573 idone-i
521 1536 564 1573 et
584 1531 795 1588 propensi
818 1530 875 1572 ad
894 1529 1002 1571 haec
1023 1530 1186 1584 studia,
1229 1529 1336 1571 anni
1377 1529 1566 1571 decursu
1598 1529 1772 1571 dabunt
1805 1544 1955 1571 coram
1985 1533 2077 1571 stu-

334 1603 526 1659 privatis
564 1607 667 1659 post
702 1616 882 1643 cursum
914 1601 1188 1643 lectionibus
1228 1601 1405 1642 diorum
1423 1601 1659 1642 Praefecto
1677 1605 1720 1642 et
1736 1600 2075 1657 professoribus,

335 1678 641 1715 exerceantur.
1227 1677 1279 1714 ut
1300 1671 1492 1727 gradum
1514 1671 1662 1713 facere
1684 1671 1858 1729 possint
1880 1671 1937 1713 ad
1961 1671 2076 1728 phy-

1227 1744 1380 1785 sicam.
1433 1743 1482 1785 Si
1504 1743 1582 1799 qui
1605 1748 1837 1800 praeterea
1861 1743 1954 1784 sint
1983 1743 2078 1785 ido-

1226 1815 1299 1856 nei
1339 1819 1383 1856 et
1422 1814 1632 1871 propensi
1672 1815 1729 1856 ad
1766 1814 1875 1856 haec
1914 1813 2076 1868 studia,

1227 1886 1421 1928 secundo
1461 1885 1596 1927 etiam
1636 1890 1679 1927 et
1714 1885 1848 1927 tertio
1881 1885 2076 1942 philoso-

1224 1957 1355 2014 phiae
1372 1971 1490 1999 anno
1513 1957 1561 1998 in
1578 1957 1669 1998 illis
1684 1972 1890 2014 pergere,
1910 1958 2002 2000 imo
2033 1963 2078 1999 et

1225 2029 1417 2086 privatis
1461 2032 1563 2085 post
1594 2043 1772 2071 cursum
1805 2029 2077 2071 lectionibus

1228 2101 1419 2142 exerceri
1452 2104 1681 2156 poterunt.

478 2172 552 2219 21.
601 2177 638 2225 ξ.
674 2176 710 2216 1.
762 2172 951 2214 Scholae
984 2172 1236 2214 studiorum
1268 2172 1535 2213 inferiorum
1569 2171 1759 2225 (omissis
1790 2176 1974 2229 propter
2004 2187 2074 2214 ra-

336 2245 501 2299 tiones,
551 2260 665 2300 quae
705 2245 957 2286 afferuntur
993 2245 1040 2285 in
1073 2248 1199 2300 parte
1232 2248 1392 2300 quarta
1424 2243 1811 2285 Constitutionum
1848 2269 1896 2274 —
1933 2259 1968 2285 c.
2005 2247 2074 2288 12.

340 2316 388 2357 C.
425 2341 478 2347 -—
510 2315 818 2372 Abecedariis)
859 2330 951 2357 non
991 2316 1140 2372 plures
1181 2330 1317 2371 quam
1364 2314 1562 2370 quinque
1609 2329 1703 2355 esse
1751 2314 1935 2369 debent,
1981 2330 2072 2357 una

340 2387 625 2441 Rhetoricae,
658 2387 801 2428 altera
832 2386 1147 2428 Humanitatis
1179 2391 1223 2427 et
1255 2390 1345 2428 tres
1379 2385 1726 2427 Grammaticae.

482 2462 520 2511 ξ.
555 2462 593 2502 2.
627 2458 691 2499 Hi
724 2458 844 2500 enim
877 2462 984 2498 sunt
1017 2457 1216 2513 quinque
1247 2457 1412 2513 gradus
1443 2456 1508 2497 ita
1541 2460 1643 2512 apte
1667 2456 1786 2498 inter
1805 2472 1848 2497 se
1872 2458 2076 2510 connexi,

345 2534 397 2570 ut
428 2529 683 2585 permisceri
718 2533 798 2571 aut
829 2528 1126 2585 multiplicari
1157 2529 1284 2570 nullo
1317 2527 1450 2569 modo
1484 2526 1696 2580 debeant,
1736 2531 1835 2568 tum
1873 2543 1929 2569 ne
1961 2528 2078 2570 ordi-

340 2599 489 2640 narios
529 2600 666 2641 etiam
709 2599 949 2655 magistros
990 2599 1159 2641 frustra
1199 2598 1502 2654 multiplicare
1541 2613 1715 2639 necesse
1756 2598 1833 2653 sit,
1883 2603 1979 2640 tum
2021 2615 2077 2640 ne

341 2670 587 2712 multitudo
621 2671 876 2713 scholarum
909 2675 954 2712 et
987 2670 1197 2712 ordinum
1229 2669 1451 2724 longiore,
1485 2684 1621 2724 quam
1654 2684 1735 2725 par
1766 2669 1843 2723 sit,
1876 2674 2077 2727 tempore

342 2747 473 2795 egeat
505 2741 560 2783 ad
592 2741 702 2783 haec
736 2742 951 2783 inferiora
984 2740 1134 2783 studia
1167 2740 1455 2782 decurrenda.

489 2814 526 2865 ξ.
560 2815 600 2856 3.
649 2813 820 2862 Quodsi
860 2813 1037 2855 scholae
1076 2811 1305 2868 pauciores
1344 2811 1435 2852 sint
1476 2825 1612 2866 quam
1644 2811 1862 2867 quinque,
1893 2828 1948 2854 ne
1979 2817 2076 2855 tum

342 2882 525 2938 quidem
556 2882 602 2923 hi
636 2884 833 2939 quinque
865 2884 1034 2937 gradus
1062 2882 1308 2936 varientur,
1342 2883 1418 2924 sed
1450 2887 1665 2938 poterunt
1699 2883 1786 2924 duo
1821 2883 1998 2925 ordines
2029 2885 2077 2925 in

341 2968 433 2995 una
470 2954 609 2995 classe
647 2953 711 2995 ita
749 2953 984 3008 constitui,
1029 2958 1080 2994 ut
1117 2958 1305 3008 uterque
1344 2953 1420 2994 uni
1461 2968 1513 2994 ex
1546 2953 1601 2994 iis
1634 2953 1832 3008 quinque
1862 2954 2076 3009 gradibus

343 3024 624 3081 respondeat,
657 3039 707 3065 eo
741 3025 887 3078 modo,
921 3039 1008 3079 quo
1041 3024 1214 3065 dicetur
1247 3024 1404 3076 regula
1435 3028 1596 3079 quarta
1637 3025 1823 3079 (oetam)
1854 3023 2075 3065 Praefecti

342 3096 593 3137 Studiorum
627 3095 904 3136 inferiorum.
