2148 3402
51 1284 151 1315 p.l3⁴·.

285 152 442 198 Eingeh.
468 152 710 198 Bem·teilung
735 152 799 188 der
824 152 866 188 R.
888 157 934 188 st.
961 163 994 187 11.
1022 154 1239 188 Antworten
1266 152 1330 187 (166
1357 151 1616 195 P.Aquaviva.
1652 153 1778 196 1602s¹3
1818 143 1905 185 497

172 271 292 313 cuit‘?
352 271 612 327 Aliquando
645 276 837 326 erratur-3
872 272 937 313 ita
969 276 1047 313 est.
1082 271 1158 312 sed
1187 285 1320 328 quae

171 342 288 384 ratio
327 342 529 395 ineatur,
561 342 610 384 in
653 357 742 398 qua
773 356 865 384 non
898 341 1039 398 possit
1070 355 1191 382 error
1223 340 1303 382 ali-

173 413 354 468 quando
387 413 617 455 accidere?
679 414 800 455 Satis
831 418 910 467 est,
945 412 1064 468 quod
1097 411 1303 453 Praefec-

171 488 246 526 tus
278 484 361 526 hac
391 484 440 526 in
471 498 517 525 re
548 488 697 540 potest
729 483 953 525 deiectum
987 483 1203 540 supplere,
1237 486 1301 535 vt,

171 555 207 596 si
240 558 427 606 constet,
458 558 793 610 praeceptorem
826 568 917 595 non
950 559 1056 610 apte
1078 568 1206 610 posse
1238 543 1323 594 iu!

172 625 321 667 dicare
339 625 394 667 de
417 624 624 667 doctrina
647 640 831 667 suorum
855 625 1193 681 discipulorum,
1215 623 1301 677 1161,
1321 631 1323 653 ³

171 696 208 737 si
241 695 635 750 animaduertitur,
675 710 776 738 eum
814 695 979 738 affectu
1017 696 1153 737 nimis
1185 694 1303 749 duci,

169 771 299 809 tanto
332 766 481 809 minor
512 767 635 809 illius
667 767 889 809 habeatur
919 767 1053 809 ratio.
1104 766 1179 809 Sic
1197 759 1324 808 uero¹

170 838 396 895 explicata
442 837 666 880 sententia
705 837 808 892 hac,
862 838 980 893 quod
1018 853 1111 879 non
1152 837 1212 878 sit
1251 851 1304 878 ex

1322 701 1324 752 ζ
1343 694 1566 737 iudicabit

173 909 267 950 sola
299 908 543 966 scriptione
575 908 883 963 iudicandum,
916 908 1098 950 uidetur
1119 909 1175 950 ad
1208 922 1304 949 eam

172 979 527 1022 confirmandam
550 979 799 1021 maximum
820 994 925 1021 sane
945 979 1120 1036 pondus
1142 978 1304 1020 habere

172 1051 332 1093 debere
359 1051 420 1105 id,
454 1050 574 1107 quod
606 1050 815 1107 primitus
848 1051 1006 1092 Patres
1028 1055 1204 1092 nostros
1226 1049 1325 1108 im-⁴

171 1122 290 1179 pulit
330 1122 387 1164 ad
425 1121 805 1164 introducendum
830 1137 961 1164 vsum
990 1110 1325 1178 praemiorum.¹

172 1194 289 1236 Nam
310 1192 395 1235 hoc
415 1208 508 1235 non
537 1193 625 1234 fuit
647 1193 786 1243 aliud,
820 1208 956 1248 quam
975 1197 1027 1235 Vt
1046 1197 1161 1233 esset
1181 1205 1307 1248 prae-

171 1265 313 1307 mium
337 1264 601 1319 diligentiae
623 1269 667 1306 et
688 1264 930 1319 doctrinae,
955 1268 998 1306 et
1027 1269 1080 1306 vt
1105 1259 1326 1320 1161116116ῢί

171 1337 384 1378 iuuentus
397 1335 757 1390 incitamentum,
774 1350 861 1391 quo
874 1335 931 1377 ad
941 1335 1141 1377 studium
1160 1334 1306 1390 magis

170 1406 547 1461 inflammaretur,
596 1407 681 1448 hoc
711 1407 841 1464 perit,
875 1406 914 1448 si
953 1422 1007 1448 ex
1045 1407 1138 1448 sola
1173 1405 1309 1462 scrip-

171 1477 294 1519 tione
325 1477 546 1520 iudicium
579 1477 631 1519 de
657 1477 870 1535 praemiis
901 1477 994 1520 fiat.
1046 1477 1164 1527 Quia
1184 1493 1308 1534 repe-

171 1549 351 1590 riuntur
388 1548 543 1604 multi,
587 1548 665 1604 qui
711 1549 803 1590 fere
843 1549 898 1590 ab
939 1548 1072 1590 initio
1112 1549 1225 1590 bene
1257 1563 1308 1590 ac

173 1619 408 1661 emendate
441 1619 652 1674 scribant,
685 1621 832 1675 magis
854 1619 1052 1676 ingenio,
1086 1635 1221 1675 quam
1253 1635 1306 1661 ex

174 1690 324 1732 studio
372 1706 423 1733 60
461 1691 705 1745 industria,
753 1691 802 1733 hi
847 1691 886 1732 61
918 1691 1083 1745 sciant,
1129 1706 1172 1732 66
1212 1691 1307 1732 6016

174 1761 418 1818 scriptione
438 1763 688 1819 praemium
716 1761 876 1804 mereri
897 1776 1038 1818 posse,
1063 1766 1180 1804 certe
1201 1761 1309 1804 hinc

174 1848 266 1875 non
304 1833 562 1889 habebunt,
610 1848 697 1890 quo
738 1848 783 1876 66
829 1833 886 1875 ad
917 1838 1154 1890 praecepta
1185 1833 1310 1874 addi-

175 1904 355 1959 scenda,
389 1904 446 1946 ad
477 1905 679 1947 studium
710 1905 908 1960 uirtutiS,
942 1905 999 1946 ad
1021 1905 1311 1960 frequentan-

177 1976 256 2018 das
295 1976 470 2019 scholas
510 1976 714 2018 incitent.
779 1976 948 2019 Contra
987 1990 1094 2018 uero
1133 1976 1234 2029 alii,
1274 1975 1311 2016 61

177 2047 376 2102 uideant,
409 2062 455 2089 66
486 2047 742 2103 difficulter,
777 2047 901 2089 omni
923 2047 1165 2103 diligentia
1185 2046 1311 2088 adhi-

178 2118 287 2172 bita,
319 2118 426 2160 huic
458 2133 586 2175 pares
607 2119 656 2160 in
678 2119 921 2176 scriptione
944 2133 1036 2160 6666
1057 2133 1150 2160 11011
1169 2132 1309 2175 posse,

179 2190 605 2244 consternabuntur,
647 2195 691 2232 et
727 2190 886 2232 iisdem
919 2189 1164 2244 exercitiis,
1203 2203 1311 2245 quo-

178 2275 278 2303 rum
309 2260 468 2302 uident
490 2262 665 2303 nullam
684 2261 941 2303 habendam
962 2275 1054 2302 6666
1073 2260 1310 2314 rationem,

180 2332 391 2373 similiter
450 2332 746 2389 languebunt.
829 2333 1146 2388 Praeceptores
1191 2344 1311 2385 uero,

180 2403 365 2444 omnino
397 2403 565 2445 exclusi
597 2420 622 2445 a
646 2403 966 2446 distributione
996 2402 1312 2459 praemiorum,

182 2489 319 2530 quam
365 2474 412 2516 id
456 2489 595 2530 aequo
633 2476 784 2517 animo
821 2474 994 2516 ferent?
1036 2488 1164 2530 saepe
1196 2473 1311 2527 11106,

183 2545 261 2600 qui
295 2545 352 2587 ad
382 2545 633 2602 praemium
664 2546 885 2603 aspirant,
926 2544 1239 2586 insolentiores
1269 2547 1314 2584 et

181 2616 522 2673 praefractiores
560 2615 811 2670 habebunt;
859 2615 931 2658 cui
977 2629 1059 2656 nos
1104 2614 1222 2671 ipsos
1270 2618 1314 2655 et

183 2700 239 2727 ex
289 2689 443 2727 nostro
491 2686 720 2742 marsupio
765 2700 1083 2743 saepenumero
1132 2699 1313 2727 causam

1325 1620 1598 1683 ,habendam
1660 1634 1766 1661 esse.

1325 1747 1326 1750 Ἴ
1349 1696 1428 1736 141
1462 1695 1539 1747 sq)

183 2761 228 2798 et
266 2757 546 2799 occasionem
591 2757 804 2814 praebere
843 2761 960 2799 certe
997 2756 1239 2812 indignum
1270 2760 1316 2797 et

184 2834 317 2884 turpe
349 2832 430 2870 est.

262 3137 449 3161 Monumenta
470 3136 643 3161 Germaniae
664 3137 863 3168 Paedagogica
890 3136 912 3159 V

1341 270 1459 327 apud
1471 272 1528 328 [p.
1545 272 1642 325 142]
1656 276 1830 313 exteros
1839 272 1906 314 in-

1341 341 1536 383 valuisse
1567 341 1746 397 dicitur,
1779 358 1907 400 prae-

1341 411 1431 453 mia
1476 412 1584 454 haec
1631 427 1721 455 non
1769 414 1907 456 solius

1321 482 1601 540 ¹scriptionis
1632 499 1765 526 causa
1795 485 1906 539 dari,

1341 552 1426 595 hoc
1488 554 1636 596 minus

1341 629 1444 680 post

1699 555 1908 612 expedire

1531 626 1907 668 consultationem

1614 697 1664 738 P.
1717 698 1908 740 Prouin-

1344 766 1482 821 cialis,
1506 767 1824 823 permittimus,
1857 773 1909 811 vt

1324 851 1440 879 ssmos
1471 837 1689 893 pristinus
1721 838 1910 880 retinea-

1344 911 1437 962 tur,
1472 907 1548 949 sed
1580 907 1648 950 ita
1679 908 1908 964 nimirum,

1345 982 1396 1020 vt
1426 978 1514 1035 ipsi
1541 993 1718 1035 quoque
1741 980 1911 1022 schola-

1343 1050 1466 1103 stici,
1507 1064 1564 1092 ne
1609 1050 1701 1092 illis
1738 1051 1911 1108 imponi

1344 1120 1574 1176 uideatur,
1634 1121 1911 1178 intelligant,

1343 1191 1392 1233 in
1439 1206 1489 1233 eo
1532 1192 1774 1234 certamine
1818 1207 1910 1234 non

1345 1262 1438 1304 61116
1448 1266 1628 1304 tantum
1639 1263 1909 1320 scriptionis,

1346 1333 1422 1375 sed
1458 1333 1732 1389 reliquorum
1773 1334 1910 1375 etiam

1345 1405 1486 1448 totius
1504 1406 1613 1447 anni
1634 1405 1910 1459 meritorum,

1347 1476 1626 1532 diligentiae,
1664 1476 1910 1518 modestiae

1345 1549 1658 1606 profectusque
1688 1547 1908 1589 rationem

1843 1620 1908 1673 (P.
