2148 3402
33 709 92 734 126.

219 146 375 192 Eingeh.
401 147 644 194 Beurteilung
669 147 733 183 der
757 147 800 183 R.
828 152 873 184 st.
899 148 970 183 und
997 149 1212 184 Antworten
1239 148 1270 184 (ἶ.

1298 149 1336 184 P.
1365 149 1568 194 Aquaviva.
1598 151 1722 195 1602]ss
1759 140 1844 185 493

113 266 221 308 nino
244 266 506 323 probantur,
530 267 771 310 dummodo
795 270 1053 324 expectetur
1072 268 1240 310 iustum
1261 277 1262 289 ¹

113 341 303 394 temPUS,
336 342 388 380 vt
418 338 703 380 humanistae
735 338 827 379 sint
859 337 915 380 ad
935 338 1161 394 agendum
1196 324 1262 380 et¹

113 407 388 450 audiendum
434 409 598 450 idonei.
661 409 765 451 Non
815 409 934 450 enim
982 408 1138 450 statim
1185 409 1240 450 ab

111 477 246 520 initio
281 479 623 522 instaurationis
640 479 854 521 uidentur
875 479 1026 521 idonei
1057 479 1152 521 fore
1173 479 1240 521 di-
1260 487 1262 534 ἱ

112 549 295 606 scipuli,
332 556 384 593 ut
425 566 526 594 cum
558 551 711 592 fructu
741 554 786 592 et
818 550 1124 592 satisfactione
1158 550 1243 592 hoc

112 624 338 664 certamen
369 622 538 664 ineant.

254 695 324 737 37.
386 692 441 733 In
487 691 572 734 hac
617 692 777 748 regula
822 692 976 748 agitur
1026 692 1080 734 de
1121 692 1243 735 Oen-

112 775 225 804 sore
273 763 500 819 publico
552 763 854 817 instituendO,
906 764 984 819 qui
1036 764 1244 806 obseruet

112 833 367 890 discipulos,
400 839 445 875 et
475 833 643 876 referat
681 849 833 876 eorum
873 834 991 876 male
1022 839 1149 890 gesta
1188 835 1243 877 ad

109 904 411 948 Praefectum.
474 905 613 947 Multi
652 905 738 946 hoc
776 905 1034 961 improbant
1064 910 1245 962 propter

114 974 216 1016 odia
248 979 293 1016 et
324 975 524 1028 dissidia,
558 990 671 1030 quae
703 975 806 1016 inde
840 975 1006 1016 timent
1025 981 1243 1018 secutura.

112 1045 215 1087 Non
247 1049 314 1087 est
346 1045 547 1100 dubium,
581 1045 770 1088 maiores
793 1061 885 1088 non
902 1045 1090 1101 ferrent3
1126 1047 1245 1104 apud

112 1115 307 1158 minores
338 1118 504 1173 poterit
536 1117 621 1159 hoc
653 1116 788 1158 officii
814 1132 957 1172 genus
988 1117 1151 1160 habere
1182 1119 1244 1161 lo-

111 1201 226 1242 cum,
249 1188 325 1230 sed
344 1203 519 1230 necesse
542 1193 625 1242 est,
644 1193 698 1231 vt
718 1188 852 1230 homo
871 1188 947 1230 ille
962 1190 1021 1230 sit
1035 1190 1243 1246 prudens,

111 1258 349 1313 discretus,
395 1259 567 1301 habens
606 1259 865 1316 opinionem
914 1260 1078 1302 bonam
1124 1261 1244 1318 apud

113 1343 279 1371 omnes.
341 1330 601 1386 Aliquando
647 1331 754 1373 talis
804 1331 1069 1388 reperietur,
1117 1347 1245 1389 saepe

110 1414 203 1442 non
234 1401 490 1457 reperietur,
522 1402 674 1458 itaque
709 1402 974 1444 tentandum
1005 1407 1090 1458 est,
1125 1405 1244 1460 quod

113 1471 150 1512 si
171 1486 262 1513 non
283 1473 493 1527 succedit,
526 1474 683 1529 regula
714 1488 806 1515 non
837 1474 1020 1516 uidetur
1041 1474 1245 1518 absolute

114 1543 327 1598 obligare,
362 1543 439 1585 sed
472 1544 600 1586 addit
642 1560 746 1601 „pro
784 1545 1021 1600 regionum
1063 1560 1244 1588 consue-

114 1614 322 1668 tudine“,
371 1630 484 1670 quae
531 1615 641 1658 satis
693 1615 885 1671 indicat,
936 1615 973 1657 si
1023 1622 1243 1673 repugnet

115 1684 315 1727 conditio
354 1690 397 1727 et
437 1688 602 1727 natura
640 1685 984 1742 discipulorum,
1023 1702 1120 1729 eam
1151 1703 1243 1730 non

114 1756 327 1811 obligare.
392 1756 588 1799 Omnino
620 1761 771 1799 tamen
815 1757 1039 1812 conuenit,
1082 1758 1244 1801 habere

115 1827 319 1881 modum,
353 1842 440 1883 quo
472 1829 760 1884 Praeceptori
799 1833 842 1871 et
873 1828 1106 1871 Praefecto
1139 1845 1243 1872 con-

114 1903 233 1940 stare
264 1899 417 1955 possit,
452 1900 674 1954 quomodo
707 1900 916 1956 discipuli
937 1915 981 1941 se
1013 1906 1184 1956 gerant.

259 1973 328 2014 38.
390 1970 463 2011 De
496 1975 822 2012 correctore.
886 1971 1010 2012 Haec
1041 1971 1130 2013 iam
1163 1972 1244 2013 du-

114 2039 221 2082 dum
253 2055 344 2082 non
370 2046 573 2083 seruatur
595 2041 644 2083 in
665 2041 921 2096 Germania,
946 2046 991 2083 et
1008 2047 1245 2099 propterea

115 2111 422 2168 dispensatum
457 2117 523 2154 est
555 2112 676 2154 olim.

257 2326 328 2368 44.
389 2325 461 2368 Vt
512 2324 841 2367 Praefectus
894 2325 1039 2367 adsit
1099 2340 1245 2381 egre-

117 2395 172 2437 di
187 2395 411 2437 entibus
453 2395 632 2453 discip
644 2396 773 2449 ulis,
822 2397 1027 2451 quamuis
1058 2396 1244 2452 plurimi

115 2471 381 2523 repugnent,
414 2467 595 2509 uidetur
619 2468 751 2524 plane
772 2467 937 2509 rationi
955 2472 1243 2510 consentane—

119 2552 207 2580 um.
235 2537 352 2587 Quia
368 2537 458 2579 nisi
475 2537 637 2593 aliquis
655 2538 785 2593 adsit,
803 2553 934 2594 quem
954 2543 1244 2580 reuereantur

118 2608 329 2665 discipuli
351 2609 468 2650 sicut
502 2609 688 2665 porcelli
707 2610 825 2651 inter
857 2624 901 2651 se
935 2609 1170 2652 commixti
1201 2615 1245 2651 et

119 2679 403 2733 clamoribus,
436 2684 480 2720 et
513 2680 723 2736 strepitu,
756 2685 801 2722 et
846 2680 1246 2734 uelificationibus,

118 2750 223 2805 risu,
256 2749 614 2806 protrusionibus
647 2751 798 2793 omnia
829 2751 1129 2808 complebunt.
1162 2751 1248 2793 Ne-

121 2835 237 2862 cesse
261 2824 328 2862 est
344 2825 506 2875 autem,
539 2825 591 2862 vt
613 2836 883 2879 magnopere
901 2837 1054 2864 curam
1085 2821 1248 2864 habea-

121 2907 219 2934 mus
236 2891 480 2933 modestiae
495 2892 544 2932 in
553 2891 718 2934 nostris
735 2893 981 2950 discipulis.
992 2893 1029 2934 si
1043 2893 1162 2934 enim
1178 2908 1249 2935 vs-

120 2963 242 3019 piam
263 2962 367 3004 huic
388 2961 620 3004 licentiam
644 2963 815 3018 damus,
836 2965 989 3006 statim
1009 2964 1057 3006 in
1074 2963 1248 3006 scholas

121 3033 322 3089 ingressa
339 3033 490 3075 omnia
511 3033 829 3090 pessumdabit.
863 3035 976 3078 Cum
993 3049 1100 3091 ergo
1117 3035 1249 3077 Prae-

1370 693 1449 735 Ad
1472 697 1542 739 37.
1567 695 1635 736 De
1651 710 1844 750 censore,

1281 765 1359 821 qui
1370 764 1613 822 discipulos
1627 766 1845 809 obseruet.

1287 863 1329 867 --
1370 836 1425 878 R.
1469 836 1608 878 Sires
1633 837 1740 879 bene
1771 853 1845 879 ex-

1280 907 1514 964 pendatur,
1543 923 1645 950 cum
1665 908 1848 964 publica

1281 980 1373 1020 sint
1395 978 1560 1034 omnia,
1592 980 1720 1022 nulla
1752 980 1846 1022 odii

1281 1050 1353 1091 uel
1376 1049 1553 1092 dissidii
1575 1065 1732 1093 caussa
1754 1066 1847 1093 esse

1280 1125 1445 1176 potest;
1479 1136 1530 1163 ac
1550 1121 1722 1163 Romae
1743 1136 1847 1164 sane

1280 1191 1620 1233 honestissimus
1659 1192 1847 1248 quisque

1281 1262 1328 1304 id
1384 1263 1579 1305 libenter
1641 1264 1845 1308 sustinet.

1283 1334 1453 1384 Quodsi
1474 1339 1627 1376 tamen
1663 1335 1712 1377 in
1738 1336 1847 1377 Pro-

1281 1403 1445 1458 uincia,
1478 1419 1524 1446 re
1562 1409 1758 1459 tentata,
1799 1406 1846 1447 id

1280 1489 1372 1516 non
1436 1475 1665 1530 succedat,
1744 1491 1846 1518 cum

1280 1545 1436 1601 regula
1503 1561 1595 1588 non
1672 1551 1845 1603 urgeat,

1282 1616 1435 1658 omitti
1483 1617 1671 1673 poterit,
1726 1622 1770 1659 et
1821 1633 1847 1660 a

1280 1688 1500 1744 Magistro
1579 1688 1669 1730 alia
1729 1689 1845 1731 ratio

1280 1758 1401 1813 iniri,
1422 1774 1511 1815 qua
1527 1758 1847 1816 discipulorum

1283 1829 1482 1872 defectus
1576 1834 1831 1886 cognoscat.

1284 1900 1435 1956 (ibid.)

1371 1971 1452 2013 Ad
1472 1974 1540 2016 38.
1589 1972 1655 2014 De
1679 1986 1847 2014 correc-

1282 2046 1377 2084 tore
1408 2042 1716 2100 dispensatum
1736 2043 1847 2085 alias

1282 2113 1432 2155 fuisse.
1460 2139 1506 2144 —-
1542 2114 1597 2156 R.
1639 2114 1846 2156 Manebit

1283 2184 1436 2227 eadem
1536 2184 1826 2242 dispensatio.

1283 2255 1433 2310 (Ibid.)

1370 2325 1452 2368 Ad
1482 2329 1552 2371 44.
1615 2326 1679 2369 Vt
1711 2328 1847 2369 Prae-

1281 2397 1418 2451 fecto,
1479 2398 1517 2439 si
1578 2398 1846 2440 exeuntibus

1282 2467 1560 2511 scholasticis
1568 2472 1743 2525 praesto
1755 2483 1847 2511 esse

1282 2553 1373 2580 non
1385 2539 1540 2595 possit,
1555 2539 1670 2581 alius
1684 2555 1738 2582 ex
1752 2541 1847 2582 Ma-

1283 2610 1437 2665 gistris
1455 2610 1769 2652 substituatur.
1790 2636 1845 2641 --

1282 2682 1338 2723 R.
1373 2681 1568 2724 Omnino
1595 2681 1844 2724 curandum

1284 2755 1364 2793 est.
1426 2752 1494 2807 (P.
1529 2755 1645 2805 141.)
