2148 3402
638 149 682 187 R.
696 155 742 188 st.
758 151 858 188 1586.
908 150 1076 188 Studium
1102 151 1228 196 philos.
1701 145 1784 188 129

96 268 413 327 Philosophiae
455 271 750 328 praemoneri,
800 271 1068 314 Societatem
1112 286 1265 313 eorum
1308 286 1442 329 opera
1494 273 1699 329 indigere
1747 272 1794 314 in

97 339 299 383 docenda
330 341 637 385 Grammatica
667 343 741 385 vel
772 341 820 384 in
851 341 1086 385 audiendis
1118 341 1508 385 confessionibus:
1562 358 1698 399 quare
1728 343 1796 385 in-

95 410 224 466 gredi
254 425 328 453 eos
359 411 517 455 debere
547 411 884 469 Philosophiam
916 427 967 454 ea
1005 415 1165 466 mente,
1205 416 1272 468 vt,
1313 412 1621 470 cumprimum
1665 428 1791 471 opor-

94 481 244 536 tuerit,
277 497 373 524 eam
405 483 677 539 relinquant.
741 482 873 532 Quod
904 482 942 524 si
973 483 1073 539 quis
1101 483 1106 539 Ι
1134 482 1204 525 his
1243 483 1465 526 adhibitis
1507 484 1793 526 cautionibus
1819 512 1847 535 p.
1872 504 1930 528 177.

93 553 295 596 nondum
325 553 590 610 acquiescet,
637 554 777 596 satius
824 553 909 595 erit
953 557 1063 596 tunc
1111 553 1216 595 huic
1259 554 1379 596 malo
1433 554 1612 609 mederi,
1656 569 1791 610 quam

92 624 418 668 dissimulando
458 625 575 667 alere
612 624 833 680 morbum,
876 624 954 680 qui
984 624 1279 681 Philosophia
1315 639 1419 667 mox
1458 625 1647 667 inflante
1686 625 1786 681 plus

91 699 263 738 noceat.

230 769 271 811 4.
306 767 420 809 Cum
459 766 816 809 Oonstitutiones
855 769 896 811 4.
929 766 1055 807 Part.
1089 766 1193 822 Gap.
1229 768 1268 810 6.
1302 769 1339 820 ξ.
1372 769 1413 811 4.
1461 766 1649 809 iubeant
1693 781 1785 808 non

89 852 179 880 esse
219 837 552 880 ascendendum
590 837 647 879 ad
678 837 916 879 facultates
955 835 1216 893 superiores,
1263 836 1352 879 nisi
1400 841 1502 894 post
1548 837 1692 880 solida
1738 837 1786 878 in

87 907 245 964 lingua
277 908 443 950 Latina
474 912 519 950 et
548 907 693 950 literis
724 907 1069 950 humanioribus
1100 906 1411 962 fundamenta,
1450 908 1633 965 expedit
1666 908 1784 950 ordi-

87 979 225 1034 narie,
272 982 326 1022 vt
355 979 513 1022 Nostri
545 979 602 1021 ad
633 979 852 1035 Logicam
884 977 1155 1020 audiendam
1200 993 1291 1020 non
1335 978 1650 1034 admittantur,
1697 979 1786 1020 nisi

85 1054 187 1107 post
233 1065 402 1092 annum
445 1050 603 1092 saltem
648 1050 698 1092 in
729 1049 1042 1104 Humanitate,
1090 1053 1135 1090 et
1181 1049 1416 1092 biennium
1459 1050 1508 1092 in
1539 1050 1783 1092 Rhetorica

84 1125 412 1177 consumptum,
445 1125 536 1175 aut,
567 1120 605 1162 si
624 1120 826 1177 patiatur
846 1124 967 1162 aetas
988 1124 1033 1161 et
1053 1119 1222 1176 egregij
1245 1124 1481 1177 sperentur
1508 1135 1780 1177 progressus,

83 1192 276 1234 triennio
308 1191 445 1234 etiam
477 1191 682 1248 oratorijs
714 1191 973 1249 perficiatur
1003 1190 1249 1247 praeceptis
1288 1198 1333 1232 et
1366 1191 1779 1234 exercitationibus:

83 1262 287 1319 alioquin
318 1268 363 1305 et
393 1263 637 1306 Rhetorica
669 1262 822 1305 classis
858 1261 948 1304 fere
981 1261 1218 1316 deseretur,
1270 1266 1315 1303 et
1345 1277 1525 1318 magno,
1574 1263 1694 1318 quod
1726 1278 1780 1305 ex

81 1334 162 1376 illa
205 1338 420 1390 speratur,
470 1339 736 1376 ornamento
776 1337 913 1389 atque
953 1332 1122 1375 auxilio
1154 1332 1380 1374 auditores
1412 1333 1640 1375 carebunt.
1703 1334 1778 1376 Ad

82 1405 202 1461 quod
234 1405 450 1447 Germani
482 1420 659 1461 quoque
691 1409 736 1446 et
754 1404 911 1460 Angli,
945 1403 1021 1460 qui
1046 1404 1266 1446 Romanis
1299 1404 1486 1446 aluntur
1518 1404 1595 1460 [in]
1629 1405 1776 1446 Colle-

79 1475 179 1531 gijs,
226 1475 439 1519 videntur
482 1475 800 1532 compellendi:
852 1474 945 1531 qui,
994 1474 1032 1516 si
1081 1474 1264 1530 oratorij
1312 1475 1460 1517 cultus
1501 1479 1546 1516 et
1579 1476 1777 1518 Graecae

79 1546 260 1602 linguae
294 1547 427 1589 rudes
459 1547 507 1589 in
545 1547 739 1604 patriam
778 1545 975 1600 redeant,
1015 1546 1222 1601 quamuis
1254 1546 1518 1603 Philosophi
1550 1561 1602 1589 ac
1633 1547 1775 1589 Theo-

77 1618 184 1673 logi,
216 1618 347 1675 parui
378 1618 636 1675 penduntur
667 1617 723 1659 ab
755 1616 1003 1670 haereticiS,
1037 1631 1196 1672 eosque
1227 1617 1318 1658 suis
1346 1632 1505 1674 parum
1525 1618 1659 1660 vtiles
1681 1633 1771 1660 esse

77 1688 353 1745 experientia
391 1689 681 1731 demonstrat.
760 1687 975 1730 Externis
1012 1701 1117 1730 vero
1169 1687 1275 1729 licet
1326 1688 1645 1743 grandioribus
1689 1690 1771 1731 ali-

78 1759 187 1815 quid
203 1760 532 1816 indulgendum
549 1759 620 1815 sit,
655 1775 757 1801 cum
790 1759 975 1801 caeteris
1006 1763 1157 1800 tamen
1189 1758 1422 1814 aliquanto
1449 1760 1646 1801 seuerius
1667 1775 1772 1816 aga-

76 1835 164 1885 tur,
210 1835 262 1873 vt
306 1831 379 1874 vel
425 1846 594 1873 annum
633 1830 904 1873 Rhetoricae
942 1830 1161 1884 tribuant,
1208 1844 1448 1885 eorumque
1494 1830 1768 1887 parentibus,

76 1906 294 1958 quantum
334 1902 382 1944 id
419 1902 643 1959 expediat,
691 1905 955 1958 exponatur.
1016 1901 1071 1942 Id
1109 1900 1230 1956 quod
1274 1902 1418 1943 multo
1460 1902 1606 1957 magis
1643 1918 1767 1959 prae-

75 1973 286 2015 standum
317 1973 401 2014 erit
432 1988 534 2015 cum
564 1974 730 2015 nostris
748 1972 960 2015 Alumnis
994 1977 1072 2014 aut
1104 1971 1453 2014 Conuictoribus
1483 1973 1591 2015 licet
1620 1974 1764 2028 Italis,

74 2044 200 2086 salua
231 2059 402 2101 semper
438 2045 519 2086 illa
550 2044 895 2099 Constitutione,
943 2058 1076 2099 quae:
1141 2043 1263 2097 „Has
1300 2043 1552 2099 facultates,
1599 2044 1763 2100 inquit,

74 2129 298 2171 capessere
329 2120 373 2157 et
403 2115 504 2157 illas
534 2115 796 2171 relinquere,
838 2119 1059 2170 quatenus
1091 2114 1346 2168 conueniat,
1389 2115 1639 2171 Superioris
1678 2116 1764 2157 erit

73 2186 293 2228 iudicare:
336 2186 455 2241 quod
487 2201 589 2228 cum
622 2186 912 2229 Scholasticis
943 2185 1137 2227 externis
1170 2184 1506 2240 significauerit,
1539 2186 1576 2227 si
1608 2187 1762 2229 volent

72 2256 142 2297 illi
173 2256 479 2314 niflhilominus
512 2257 647 2299 aliam
678 2257 900 2299 rationem
933 2256 1070 2312 sequi,
1105 2256 1295 2311 cogendi
1325 2271 1417 2297 non
1448 2259 1621 2298 erunt.“
1675 2258 1760 2300 Ve-
1791 2284 1818 2307 p.
1843 2277 1903 2300 m.

72 2330 314 2369 runtamen
344 2328 382 2370 si
412 2328 604 2370 nimium
634 2329 763 2385 pueri
793 2328 850 2370 ad
881 2326 1220 2383 Philosophiam
1259 2327 1404 2369 velint
1448 2327 1664 2382 accedere,
1708 2343 1761 2369 ex

72 2398 233 2453 quibus
265 2399 542 2455 perturbatio
572 2399 721 2455 potius
753 2399 939 2440 timetur
970 2397 1207 2451 ordinarie,
1249 2402 1398 2454 posset
1438 2413 1540 2440 cum
1577 2398 1632 2453 ijs
1672 2399 1760 2453 agi,

71 2469 189 2523 quod
222 2469 277 2510 de
308 2469 376 2525 ijs,
408 2470 487 2526 qui
515 2471 690 2512 nollent
720 2469 1014 2527 promissione
1047 2467 1244 2523 obligari
1262 2468 1336 2510 Vel
1368 2468 1553 2510 nomina
1585 2468 1633 2510 in
1664 2484 1759 2511 ma-

70 2539 279 2582 triculam
325 2539 558 2583 referenda
611 2541 728 2595 dare,
780 2539 1091 2597 praescribunt
1147 2539 1503 2582 Constitutiones
1552 2543 1593 2583 4.
1636 2541 1757 2582 Part.

71 2610 176 2667 Cap.
211 2615 278 2655 17.
312 2613 388 2654 D.:
453 2613 584 2667 „Non
613 2612 727 2665 ideo,
773 2611 1002 2667 inquiunt,
1050 2625 1076 2651 a
1120 2609 1294 2652 Scholis
1333 2609 1601 2652 excludendi
1640 2615 1758 2664 sunt,

69 2680 311 2724 dummodo
343 2682 526 2738 pacifice
557 2687 601 2725 et
632 2682 727 2724 sine
759 2681 1027 2723 offendiculo
1060 2680 1108 2721 in
1140 2681 1203 2722 eis
1234 2684 1483 2735 versentur,
1525 2685 1570 2722 et
1601 2680 1664 2722 sic
1696 2681 1758 2722 eis

69 2751 313 2807 significari
351 2753 530 2809 poterit,
571 2752 775 2795 addendo
816 2751 1124 2806 nihilominus,
1163 2751 1284 2806 quod
1316 2765 1420 2793 cura
1451 2751 1598 2806 magis
1629 2767 1758 2807 pecu-

69 2821 189 2863 liaris
222 2823 615 2878 Scholasticorum,
658 2838 846 2879 quorum
886 2822 1072 2863 nomina
1104 2821 1268 2878 scripta
1299 2821 1347 2862 in
1379 2821 1493 2863 libro
1527 2821 1757 2864 Vniuersi-

68 2892 174 2933 tatis
206 2898 324 2947 sunt,
356 2894 511 2935 haberi
541 2895 696 2936 solet.“

208 2964 247 3007 5.
283 2963 639 3005 Constitutiones
671 2967 710 3007 4.
745 2965 866 3005 Part.
901 2964 1006 3020 Cap.
1043 2967 1109 3008 14.
1141 2968 1179 3016 ξ.
1215 2967 1274 3007 3.;
1341 2965 1422 3018 „ln
1462 2964 1644 3019 Logica,
1690 2963 1756 3003 in-

68 3033 242 3087 quiunt,
286 3039 330 3075 et
361 3033 654 3090 Philosophia
684 3034 883 3076 naturali.
915 3038 960 3075 et
993 3035 1166 3088 morali,
1205 3040 1249 3075 et
1280 3034 1622 3089 Methaphysica
1655 3033 1755 3075 doc-

1451 3118 1471 3149 9

173 3126 358 3152 Mouumeuta
375 3128 550 3153 Germaniae
573 3127 766 3159 vaedagogiea
786 3129 809 3152 V
