2153 3467
102 2472 168 2494 (¹0i1

161 1335 226 1357 ἰιῐὝι
251 1341 293 1355 μη(
312 1340 317 1355 1

191 2477 252 2498 *gem
268 2478 298 2492 11*-

345 204 431 245 386

344 330 545 386 quotidie
579 330 754 385 aliquot
793 330 1016 387 exempla,
1057 330 1211 371 modo

344 418 395 443 ex
434 401 630 458 optimiS,
664 401 795 442 niodo
836 416 889 442 ex
923 401 1190 453 deterrimis,

343 479 440 514 tuni
481 472 618 514 initio
655 478 750 514 tuin
791 473 839 514 in
879 473 966 513 fine
1012 472 1191 528 publice

343 545 528 585 recitare
561 549 694 599 atque
725 543 1010 600 perpendere.

483 1327 560 1374 22.
632 1329 797 1382 (1932.-

530 211 639 246 Ratio
667 208 869 246 studiorum
899 216 936 247 et
961 209 1219 247 institutiones
1245 209 1487 247 scholasticae
1514 210 1708 246 Societatis
1734 212 1824 247 Jesu
1848 211 1887 248 Π

1232 343 1367 385 quam
1414 328 1654 385 plurimOS,
1692 329 1759 372 ita
1806 336 1858 373 ut
1903 332 2079 375 nullum

1231 399 1310 441 diu
1341 399 1644 442 incorrectum
1676 401 1917 457 relinquat.
1964 403 2079 445 Eam

1230 470 1287 511 ob
1340 485 1542 525 causam,
1596 471 1753 514 diebus
1802 473 2080 529 praesertim,

1229 541 1393 597 quibus
1427 542 1629 584 carmina
1651 542 1914 599 afferuntur,
1947 544 2082 601 scrip-

1230 613 1377 654 tiones
1395 612 1571 669 aliquas
1582 613 1769 656 aemulis
1780 614 2081 657 emendandas

1208 675 1465 745 {dispertiat
1504 684 1641 739 (quod
1680 699 1768 741 quo
1801 685 2079 728 commodius

1208 750 1322 809 'fiat,
1353 755 1663 811 unusquisque
1695 770 1787 798 non
1819 770 1950 799 suum
1982 762 2079 799 tan-

1228 831 1339 880 tum,
1373 826 1451 867 sed
1484 826 1620 868 etiam
1653 827 1820 869 aemuli
1856 842 2022 870 nomen
2055 843 2080 869 a

1227 902 1354 952 tergo
1396 897 1656 954 scriptionis
1695 898 1950 955 inscribat),
2000 898 2080 940 ali-

1229 984 1339 1024 quas
1371 968 1467 1026 ipse
1497 967 1730 1024 Magister,
1774 969 1881 1012 dum
1917 983 2082 1012 memo-

1227 1040 1336 1082 riter
1366 1040 1608 1095 recitatur,
1647 1040 1863 1098 privatim
1897 1055 1948 1083 ac
1980 1041 2082 1082 sub-

1227 1112 1363 1154 missa
1394 1126 1503 1154 voce
1540 1126 1642 1153 cum
1694 1126 1971 1167 unoquoque
2018 1111 2083 1154 di-

1227 1182 1516 1239 scipulorum,
1527 1182 1739 1239 reliquaS,
1752 1187 1973 1238 quantum
1986 1183 2082 1224 fieri

1227 1258 1387 1310 potest,
1423 1253 1545 1296 domi
1578 1253 1789 1310 corrigat.

833 1330 868 1382 ξ.
902 1328 955 1381 1,)
1012 1325 1173 1367 Modus
1205 1325 1497 1381 corrigendae
1530 1325 1788 1381 scriptionis
1820 1325 1870 1367 in
1903 1324 2083 1367 univer-

344 1415 441 1441 sum
465 1404 552 1440 est:
576 1399 793 1452 indicare,
816 1398 853 1439 si
876 1397 984 1453 quid
1002 1401 1157 1438 contra
1177 1401 1413 1453 praecepta
1430 1402 1663 1452 peccatum
1682 1395 1760 1450 sit3
1787 1395 2082 1451 interrogare,

345 1470 571 1526 quomodo
612 1469 842 1511 emendari
882 1469 1042 1525 possit3
1088 1467 1260 1523 jubere,
1305 1473 1358 1509 ut
1398 1467 1565 1509 aemuli
1604 1467 1780 1522 statim,
1820 1470 1872 1509 ut
1911 1466 2082 1522 aliquid

344 1541 739 1598 deprehenderint,
790 1540 972 1597 publice
1018 1539 1271 1594 corrigant,
1318 1542 1717 1595 praeceptumque,
1761 1541 1919 1580 contra
1964 1537 2083 1593 quod

344 1618 579 1671 peccatum
614 1617 695 1666 est,
728 1611 980 1668 proferant3
1013 1610 1201 1652 laudare
1231 1609 1447 1665 denique,
1492 1609 1529 1650 si
1562 1609 1670 1665 quid
1704 1613 1805 1666 apte
1836 1608 2081 1666 perfectum

345 1685 416 1726 sit.
464 1685 564 1726 Hoc
582 1688 747 1737 autem,
770 1682 877 1724 dum
899 1681 1078 1739 publice
1100 1680 1348 1738 peragitur,
1371 1680 1567 1737 primum
1592 1679 1803 1737 discipuli
1825 1679 2084 1737 scriptionis

345 1756 601 1812 exemplum
640 1754 775 1810 (quod
818 1768 991 1810 semper
1028 1760 1204 1810 praeter
1250 1751 1318 1806 id,
1367 1751 1487 1807 quod
1533 1750 1752 1807 Magistro
1801 1751 2083 1816 describitur,

346 1827 625 1869 afferendum
647 1829 732 1881 est)
764 1839 913 1867 secum
933 1824 1018 1881 ipsi
1041 1824 1197 1880 legant
1216 1823 1220 1881 Ι

346 1905 391 1940 et
423 1899 672 1940 emendent.

1377 1973 1483 2017 (1832
1509 1972 1646 2017 additz)
1704 1965 1903 2008 Oonetur
1947 1964 2083 2007 etiam

1214 2037 1471 2093 Magister,
1520 2044 1574 2080 ut
1619 2053 1756 2095 quam
1796 2037 1892 2078 fieri
1937 2040 2085 2094 potest

1214 2109 1409 2165 1saepius
1448 2109 1783 2152 accuratissime
1823 2107 2085 2150 emendatas

1233 2180 1499 2237 scriptiones
1530 2180 1683 2222 dictet.

1374 2256 1411 2305 ξ.
1435 2255 1474 2296 2.
1514 2252 1651 2294 Curet
1662 2266 1838 2307 quoque
1849 2250 2083 2306 Magister,

1232 2328 1284 2365 ut
1324 2323 1373 2365 in
1410 2322 1734 2379 scriptionibus
1776 2322 1992 2364 distincte
2038 2325 2084 2362 et

1232 2394 1375 2435 nitide
1406 2393 1641 2436 literarum
1674 2398 1807 2435 notae
1829 2392 2083 2449 expriman-

1234 2470 1320 2519 tur,
1353 2469 1397 2506 et
1430 2465 1677 2521 scripturae
1710 2464 1825 2506 ratio
1858 2464 1917 2505 sit
1948 2477 2082 2519 quam

1233 2535 1403 2592 optime
1437 2535 1662 2577 ordinata.

490 2467 567 2514 23.
643 2467 856 2518 Quotidie

349 2539 631 2592 singulorum
681 2555 705 2580 a
757 2538 976 2593 Magistro
1028 2538 1193 2593 corrigi
1212 2576 1214 2593 ,

349 2614 588 2665 oporteret,
607 2624 707 2650 cum
722 2609 988 2665 praecipuus
998 2615 1043 2650 et
1054 2610 1195 2651 maxi-

349 2695 447 2720 mus
465 2679 566 2720 inde
581 2680 753 2721 fructus
767 2680 944 2722 existat.
979 2680 1026 2721 Si
1042 2685 1194 2722 tamen

348 2750 593 2791 multitudo
625 2766 715 2791 non
746 2751 964 2807 patiatur,
1000 2751 1196 2806 corrigat

351 2837 485 2877 quain
502 2822 718 2877 phirinias
740 2827 903 2878 potest,
923 2822 988 2864 ita
1012 2827 1063 2863 ut
1086 2835 1196 2878 quos

349 2907 439 2934 uno
457 2893 528 2934 dic
547 2892 790 2948 discipulos
808 2893 1038 2948 praeteriit
1055 2893 1196 2934 altero

350 2969 495 3007 vocet.

350 3035 626 3090 praesertim,
660 3034 823 3088 quibus
861 3034 1062 3075 carmina
1094 3034 1197 3075 affe-

926 2467 1194 2523 scriptiones

1374 2618 1465 2653 Vide
1492 2629 1600 2663 supra
1624 2630 1657 2654 n.
1684 2619 1739 2660 21,
1767 2629 1793 2652 r.
1821 2618 1902 2652 Kol.

560 2963 671 3004 Eam
711 2964 766 3003 ob
806 2978 1007 3017 causam,
1040 2963 1196 3004 diebus

350 3121 431 3146 run
442 3112 524 3159 tur,
543 3106 810 3160 scriptiones
822 3106 994 3160 aliquas
1012 3106 1198 3146 aemulis
1215 3100 1217 3112 ’
