2148 3402
40 1189 68 1213 p.
84 1182 144 1207 135.

278 140 434 179 Einnzeh.
460 140 703 184 Beurteilung
728 139 791 175 ‹ler
819 140 859 175 R.
874 143 920 174 st.
947 139 1020 174 und
1048 138 1266 173 Antworten
1286 137 1318 173 d.

308 547 374 587 19.
438 544 578 584 Docet
609 556 737 598 posse
768 540 996 582 interdum
1027 539 1293 594 magistrum

162 630 408 673 proponere
440 614 637 669 aliquam
677 612 899 654 actionem
940 611 1121 652 breuem
1162 609 1294 651 disci-

163 687 281 744 pulis
311 686 409 728 loco
443 684 721 741 argumenti,
756 698 855 725 cum
889 696 982 724 non
1014 681 1197 723 omnino
1230 696 1295 722 re-

162 758 271 815 gula
301 757 455 799 iubeat
471 756 556 798 hoc
570 754 844 808 faciendum,
876 758 921 795 et
945 753 982 794 si
998 753 1111 795 utile
1128 756 1295 809 tamen,

162 828 392 886 possitque
423 827 534 881 fieri,
567 825 700 868 modo
719 826 1039 880 Praeceptores
1072 823 1163 864 sint
1195 822 1296 864 doc-

163 899 313 955 tiores,
330 913 422 941 non
438 897 622 940 uidetur
639 911 750 955 opus
766 896 931 939 habere
948 894 1295 952 dispensatione,

164 971 240 1013 sed
271 974 319 1012 in
351 984 483 1013 Vsum
515 969 648 1011 debet
679 968 837 1024 redigi.

164 1092 305 1142 Circa
354 1091 549 1154 regulas
599 1090 899 1139 Professoris
951 1088 1295 1138 Humanitatis

306 1183 438 1234 Quod
470 1183 587 1226 circa
608 1182 726 1225 hanc
746 1182 947 1225 scholam
970 1181 1110 1238 aliqui
1131 1185 1295 1223 notant

162 1255 429 1312 generatim,
462 1270 559 1297 eam
589 1254 719 1296 obrui
738 1253 1032 1296 multitudine
1058 1257 1295 1297 auctorum

164 1342 215 1369 ac
245 1326 487 1381 uarietate,
531 1325 579 1368 id
619 1325 756 1368 etiam
789 1325 1028 1379 sentimus,
1060 1329 1294 1381 propterea

164 1397 305 1439 satius
337 1402 450 1440 esset
481 1397 687 1440 omittere
720 1396 914 1439 secundo
949 1396 1153 1438 semestri
1186 1395 1294 1438 Ora-

164 1469 334 1511 tionem
367 1469 617 1523 Ciceronis,
651 1472 695 1510 et
726 1483 806 1525 pro
839 1483 890 1510 ea
921 1467 1131 1524 prosequi
1164 1482 1292 1523 caep-

163 1545 261 1583 tum
279 1540 460 1595 librum,
482 1541 556 1582 uel
576 1540 769 1582 similem
788 1539 1019 1592 inchoare,
1044 1537 1153 1593 quid
1173 1537 1293 1579 enim

162 1626 339 1654 necesse
376 1616 443 1654 est
487 1615 669 1668 propter
709 1609 1035 1667 Compendium
1078 1608 1293 1666 Cypriani

164 1683 408 1726 orationem
444 1683 666 1739 suscipere
698 1682 1013 1739 explicandam
1045 1680 1293 1737 discipulis,

164 1755 241 1810 qui
273 1755 320 1796 in
353 1754 581 1812 epistolari
614 1758 658 1795 et
688 1753 903 1796 familiari
931 1767 1092 1808 genere
1122 1751 1295 1809 perfici-

164 1825 270 1868 endi
302 1831 408 1868 sunt
439 1830 483 1867 et
514 1825 739 1882 poeticam
771 1825 850 1867 vix
884 1840 910 1866 a
941 1823 1096 1865 limine
1129 1823 1295 1865 saluta-

163 1897 299 1938 runt‘?
340 1897 396 1939 ad
437 1911 571 1952 quam
608 1896 946 1953 perdiscendam
985 1900 1139 1937 tamen
1170 1895 1292 1951 prin-

165 1967 372 2025 cipaliter
402 1967 513 2010 haec
536 1967 688 2010 schola
716 1972 915 2024 spectare
942 1966 1134 2008 uidetur.
1186 1965 1295 2007 Exi-

164 2039 410 2081 stimabant
450 2043 599 2081 autem
639 2039 781 2094 aliqui
819 2037 1163 2093 relinquendum
1212 2037 1296 2079 hoc

164 2124 257 2151 esse
302 2110 568 2166 prudentiae
614 2110 851 2167 praefecti,
895 2114 946 2152 vt
993 2112 1163 2150 statuat
1214 2123 1294 2165 pro

164 2180 339 2222 ratione
379 2181 657 2234 auditorum,
697 2180 806 2236 quid
842 2180 1025 2222 illorum
1069 2179 1295 2236 profectus

166 2251 318 2306 exigit.
383 2251 604 2293 Auctores
635 2256 786 2293 tamen
817 2266 897 2308 pro
927 2250 1012 2293 hac
1044 2250 1192 2292 schola
1217 2265 1294 2292 no-

165 2321 340 2375 minati,
368 2322 601 2377 Virgilius,
636 2322 853 2364 Horatius
874 2336 926 2365 20,
960 2335 1049 2362 non
1082 2321 1316 2373 uidentur3

166 2393 384 2447 mutandi,
418 2393 494 2434 sed
515 2393 857 2450 prouidendum,
876 2397 927 2434 vt
945 2393 993 2434 in
1011 2392 1299 2433 inferioribus

166 2462 329 2504 scholis
362 2464 507 2519 magis
528 2469 738 2521 aptentur
760 2464 981 2520 discipuli.
1036 2464 1158 2505 Hinc
1178 2467 1296 2504 enim

167 2534 415 2575 maximum
431 2539 643 2591 putamus
664 2535 888 2593 proficisci
908 2535 1295 2591 impedimentum.

312 2963 350 3004 2.
403 2963 440 3013 ξ.
464 2962 634 3016 „prima
651 2961 786 3003 hora“
810 2967 853 3004 et
868 2966 905 3016 §-
928 2962 1026 3018 „die
1043 2961 1296 3004 sabbatlii“.

168 3031 222 3073 Id
255 3030 436 3087 quidem
468 3031 610 3088 aliqui
641 3033 829 3075 mallent
850 3034 995 3090 prima
1016 3034 1127 3076 hora
1148 3033 1296 3088 legere

1348 138 1385 171 P.
1403 136 1606 179 Aquaviva.
1638 137 1764 181 1602]ss
1815 128 1900 170 503

1332 270 1408 311 per
1440 259 1594 297 tamen
1627 270 1652 296 a
1680 256 1900 310 Magistro

1332 326 1497 381 corrigi
1557 326 1724 368 debent
1785 342 1899 382 quae

1332 396 1468 438 etiam
1514 396 1562 438 in
1610 397 1761 439 schola
1802 398 1900 454 ipsa

1334 466 1599 521 defigentur.
1664 468 1814 521 (Ibid.)

1424 538 1502 579 Ad
1528 542 1594 582 19.
1625 539 1793 593 Placet,
1817 555 1900 581 nec

1333 608 1453 650 enim
1501 624 1633 650 causa
1685 615 1771 663 est,
1823 626 1901 652 cur

1334 680 1626 737 dispensetur.
1690 681 1840 735 (ibid.)

1424 1179 1500 1220 De
1522 1178 1900 1220 multitudine

1334 1255 1387 1293 et
1433 1251 1714 1292 uarietate
1759 1250 1898 1292 Auc-

1334 1326 1525 1363 torum.
1575 1347 1629 1351 -—
1671 1322 1726 1363 R.
1781 1320 1900 1370 Quo-

1333 1393 1457 1434 niam
1476 1391 1633 1434 nonin
1654 1391 1739 1434 hac
1753 1392 1899 1434 solum

1333 1464 1504 1519 schola,
1568 1463 1643 1505 sed
1690 1463 1739 1504 in
1799 1463 1900 1504 aliis

1333 1535 1468 1577 etiam
1505 1534 1795 1576 inferioribus
1832 1535 1900 1575 ni-

1332 1606 1470 1648 miam
1493 1621 1573 1663 pro
1597 1605 1773 1647 ratione
1792 1606 1900 1647 Pro-

1331 1678 1507 1720 uinciae
1530 1693 1555 1719 a
1576 1677 1808 1719 nonnullis
1830 1678 1898 1718 iu-

1333 1749 1475 1791 dicari
1489 1748 1753 1805 accepimus,
1777 1763 1901 1791 cura-

1332 1821 1400 1863 bit
1432 1822 1483 1862 P.
1507 1820 1821 1874 Prouincialis,
1848 1824 1901 1862 vt

1333 1909 1387 1935 ex
1430 1894 1678 1950 peritorum
1729 1892 1899 1934 iudicio

1332 1980 1382 2007 ea
1414 1964 1746 2018 describantur,
1786 1978 1900 2019 quae

1332 2037 1380 2078 in
1412 2037 1496 2078 hoc
1526 2051 1688 2091 genere
1707 2035 1899 2077 Prouin-

1334 2107 1426 2149 ciae
1468 2108 1613 2162 magis
1653 2121 1900 2148 accommo-

1335 2179 1441 2221 data
1483 2179 1784 2231 uidebuntur,
1834 2177 1899 2219 ita

1332 2254 1406 2305 Vt,
1458 2250 1568 2305 quid
1614 2251 1662 2291 in
1708 2249 1900 2304 singulis

1335 2320 1499 2363 scholis
1516 2320 1785 2362 mutandum
1800 2335 1898 2362 cen-

1336 2396 1455 2445 sent,
1499 2391 1556 2433 ad
1594 2406 1676 2432 nos
1716 2391 1900 2447 perscri-

1335 2462 1470 2516 bant3
1503 2467 1601 2504 tum
1634 2462 1753 2504 enim
1786 2462 1900 2503 diffi-

1334 2532 1438 2575 ciles
1485 2548 1577 2575 non
1623 2533 1806 2586 erimus,
1847 2538 1899 2575 vt

1333 2605 1417 2647 hac
1448 2605 1584 2646 etiam
1617 2605 1666 2646 in
1693 2609 1820 2662 parte
1842 2605 1899 2646 ad

1334 2690 1616 2718 communem
1630 2675 1899 2717 Prouinciae

1334 2746 1581 2789 vtilitatem
1613 2749 1657 2787 et
1695 2746 1896 2787 consola-

1333 2817 1503 2859 tionem
1579 2817 1897 2873 dispensemus.

1336 2890 1403 2943 (P.
1440 2892 1522 2932 143
1557 2892 1640 2944 sq.)

1423 2961 1504 3002 Ad
1537 2964 1575 3004 2.
1638 2960 1694 3001 R.
1728 2958 1896 3000 Proba—

1333 3036 1407 3074 tur
1472 3030 1704 3073 iudicium.
1781 3029 1898 3079 Quia
