2148 3402
589 198 631 232 R.
659 201 704 235 st.
735 199 835 232 1586.
885 196 1144 230 Grammatica.
1646 185 1728 227 155

462 460 761 524 Quantum
802 458 1026 521 referat
1070 457 1299 535 optima

548 561 742 605 nostros
780 557 849 603 uti
889 554 1230 612 Grammatica,

513 655 697 705 quaeue
736 638 978 687 eiusmodi
1016 638 1250 686 videatur.

761 758 874 821 Cap.
918 757 995 806 III.

176 851 248 909 [1.]
281 851 504 900 Quoniam
524 851 662 893 totius
677 851 991 893 Humanitatis
1017 851 1364 893 fundamentum
1387 850 1435 891 111
1452 854 1546 892 arte
1571 850 1731 892 Gram-

35 922 201 964 matica
222 922 420 979 positum
443 926 522 976 est,
556 922 612 965 ab
644 938 695 964 ea
718 922 902 964 videtur
934 922 1256 965 exordiendum
1296 937 1400 964 esse.
1447 922 1515 963 De
1544 937 1597 963 ea
1627 935 1733 965 vero

34 992 250 1035 facultate
281 1007 540 1050 praecepere
572 1008 707 1049 quam
740 993 944 1050 plurimi:
978 993 1055 1035 sed
1086 994 1134 1035 in
1167 993 1339 1050 optimo
1361 992 1591 1048 seligendo
1611 992 1734 1034 labo-

34 1063 226 1105 randum
258 1068 324 1105 est
355 1063 598 1121 imprimis:
631 1064 749 1106 nihil
781 1063 902 1106 enim
933 1064 1154 1121 praeclari
1183 1065 1351 1122 sperari
1374 1067 1522 1121 potest
1544 1063 1597 1105 de
1619 1064 1735 1105 male

34 1134 243 1176 ruderata
273 1134 405 1176 initio
437 1139 681 1179 structura:
715 1151 796 1177 nec
818 1135 951 1178 facile
983 1140 1061 1190 est,
1094 1137 1131 1178 si
1151 1152 1285 1192 quam
1306 1136 1562 1180 barbariem
1580 1150 1736 1194 puero-

35 1221 135 1248 rum
166 1210 293 1248 tener
326 1207 502 1249 animus
523 1206 802 1261 combiberit,
837 1222 1014 1250 exuere:
1048 1222 1153 1249 nam
1179 1223 1293 1264 „quo
1315 1209 1450 1250 semel
1473 1212 1538 1250 est
1558 1208 1736 1250 imbuta

35 1291 204 1332 recenS,
255 1278 455 1327 seruabit
500 1278 681 1321 odorem
720 1279 853 1321 Testa
900 1271 1018 1321 diu.“
1085 1279 1398 1336 Superioribus
1432 1280 1566 1337 plane
1605 1279 1735 1322 annis

35 1363 113 1405 per
142 1349 293 1391 varios
324 1349 441 1391 itum
473 1354 539 1392 est
571 1350 923 1403 Grammaticos3
958 1355 1014 1405 et,
1049 1365 1150 1392 cum
1172 1351 1341 1408 priores
1370 1366 1464 1393 non
1493 1352 1733 1408 placerent,

38 1419 150 1463 alios
190 1424 323 1476 atque
367 1421 479 1463 alios
518 1421 707 1463 subinde
748 1421 797 1463 in
831 1420 1018 1464 Scholas
1054 1426 1231 1464 nostras
1263 1423 1547 1466 adsciuimus
1612 1423 1736 1473 Quae

36 1495 131 1533 tam
161 1492 313 1534 crebra
346 1493 642 1535 commutatio
675 1508 758 1535 nec
789 1493 992 1535 leuitatis
1023 1498 1153 1549 nota,
1186 1509 1268 1536 nec
1301 1494 1531 1537 doctrinae
1562 1494 1736 1537 iactura

38 1563 196 1617 caruit,
228 1564 348 1619 quod
379 1564 583 1606 homines
614 1564 778 1618 nostri,
813 1580 900 1621 quo
934 1570 1132 1622 tempore
1173 1566 1374 1623 oportuit
1418 1580 1491 1607 eos
1523 1565 1579 1608 ad
1611 1565 1736 1607 meli-

38 1649 116 1676 ora
148 1635 380 1692 proficere,
423 1641 694 1692 cogerentur
734 1636 980 1678 identidem
1017 1651 1137 1679 noua
1177 1638 1456 1693 conquirere:
1500 1637 1734 1683 dediscere,

37 1721 151 1762 quae
183 1705 455 1750 didicerant:
490 1712 534 1749 et
565 1712 784 1763 tanquam
825 1707 879 1750 de
919 1708 1136 1750 vertendo
1176 1708 1270 1750 solo
1302 1708 1472 1765 potius,
1513 1724 1648 1765 quam
1681 1709 1735 1751 de

37 1777 275 1820 statuendo
309 1778 538 1820 domicilio
580 1779 794 1834 cogitare.
856 1778 1007 1834 Igitur
1038 1793 1061 1820 e
1091 1793 1138 1820 re
1168 1783 1322 1821 nostra
1353 1780 1736 1836 quamplurimum

38 1848 176 1891 fuerit
207 1864 347 1891 vnum
380 1850 575 1906 aliquem
600 1849 937 1893 Grammaticae
957 1848 1191 1892 facultatis
1223 1850 1488 1907 scriptorem
1519 1851 1735 1906 nancisci,

40 1921 117 1977 qui
146 1920 242 1963 iure
272 1922 442 1978 optimo
474 1921 616 1978 possit
647 1921 832 1963 caeteris
864 1920 1100 1978 anteponi:
1138 1926 1367 1978 repertum
1399 1937 1505 1964 vero
1537 1922 1602 1964 ita
1633 1937 1737 1965 con-

40 1997 211 2035 stanter
240 1993 445 2048 retinere,
477 1997 529 2036 vt
551 1998 682 2050 turpe
714 2008 806 2035 esse
834 1993 1021 2050 posthac
1042 1993 1349 2036 existimemus
1368 1993 1534 2036 iterum
1555 1994 1737 2037 incertis

41 2064 171 2121 quasi
200 2064 377 2106 sedibus
407 2065 580 2121 vagari.
623 2065 685 2107 Et
713 2067 719 2120 1
747 2064 929 2122 quidem
960 2065 1009 2106 in
1041 2080 1092 2107 ea
1122 2079 1169 2106 re
1201 2070 1379 2107 strenue
1410 2065 1634 2108 laborasse
1664 2066 1734 2109 vi-

41 2134 174 2178 detur
185 2136 454 2179 Emmanuel
469 2141 633 2179 noster.
665 2136 1029 2193 Significationes
1046 2135 1165 2178 enim
1183 2140 1227 2179 et
1246 2136 1610 2180 Constructiones
1627 2138 1736 2181 Ver-

41 2207 214 2261 borum,
239 2208 487 2250 Nominum
514 2208 794 2264 aliarumque
815 2208 1014 2265 partium
1036 2208 1253 2250 orationis
1280 2223 1333 2250 ex
1353 2208 1536 2265 optimis
1555 2209 1740 2265 collegit

42 2280 286 2334 autoribus,
318 2283 363 2321 et
390 2280 439 2321 in
469 2279 734 2322 methodum
764 2279 940 2336 redegit
960 2280 1356 2322 accuratissimam.
1407 2280 1456 2323 Si
1474 2281 1584 2338 quid
1596 2281 1739 2337 igitur

43 2351 91 2392 in
114 2350 309 2407 Syntaxi
339 2350 547 2403 latinum,
578 2366 755 2408 purum,
787 2355 951 2405 tutum,
984 2351 1165 2406 elegans
1188 2352 1337 2408 optari
1365 2356 1546 2408 postest,
1580 2352 1628 2394 id
1647 2366 1738 2394 non

44 2436 99 2464 ex
130 2421 229 2477 alijs
261 2421 599 2477 Grammaticis,
639 2420 746 2478 quia
776 2436 828 2463 ea
859 2421 913 2464 de
943 2437 990 2464 re
1021 2421 1094 2463 vel
1125 2421 1250 2477 falso,
1274 2423 1347 2464 vel
1377 2422 1633 2479 improprie,
1666 2423 1740 2464 vel

44 2493 231 2535 barbare
244 2498 577 2550 praeceperunt,
594 2493 669 2535 sed
685 2508 738 2535 ex
747 2493 1041 2536 Emmanuele
1051 2493 1291 2550 petendum
1302 2494 1494 2536 videtur.
1519 2493 1639 2536 Ordo
1651 2493 1741 2536 for-

44 2564 176 2606 tassis
206 2579 298 2606 non
337 2564 453 2606 nihil
490 2565 833 2607 commutandus
867 2569 997 2619 esset,
1038 2570 1089 2607 vt
1118 2564 1316 2619 facilior,
1353 2565 1550 2622 planior,
1591 2565 1740 2622 aptior

44 2634 192 2691 pueris
221 2634 446 2676 reddatur.
509 2636 630 2678 Ordo
661 2636 881 2693 siquidem
914 2636 1221 2678 Emmanuelis
1252 2636 1307 2692 ijs
1339 2636 1432 2679 fere
1462 2637 1640 2679 laborat
1671 2636 1736 2678 in-

47 2705 303 2748 commodis.
367 2705 518 2749 Primo
551 2707 748 2764 quidem,
782 2707 902 2764 quod
934 2707 982 2749 in
1014 2707 1295 2761 rudimentis,
1330 2723 1442 2764 quae
1464 2707 1609 2765 primo
1641 2708 1739 2750 loco

47 2776 264 2818 tradenda
295 2781 399 2818 sunt
430 2777 597 2833 pueris,
628 2778 967 2835 quatuordecim
997 2778 1127 2836 ponit
1157 2783 1394 2836 praecepta
1423 2778 1511 2820 toti
1542 2778 1738 2834 Syntaxi

49 2847 345 2901 communia1,
380 2863 494 2904 quae
525 2849 626 2905 plus
657 2848 827 2891 habent
846 2849 1146 2905 obscuritatis,
1180 2864 1317 2907 quam
1338 2855 1390 2892 vt
1409 2849 1608 2905 intelligi
1639 2863 1740 2906 pos-

49 2918 140 2960 sint
171 2934 198 2961 a
227 2918 462 2961 tironibus.
525 2919 581 2961 In
616 2919 672 2976 ijs
711 2921 830 2963 enim
872 2921 1045 2979 aliquid
1082 2920 1355 2978 praecipitur
1396 2921 1450 2963 de
1483 2919 1737 2975 Gerundijs,

197 3096 207 3116 ¹
235 3095 346 3141 [Nota
370 3095 453 3132 libri
465 3097 486 3142 :J
513 3097 603 3142 Pag.
629 3098 707 3133 126.

1757 2093 1784 2116 p.
1797 2084 1858 2109 224.
