2143 3462
260 861 285 883 p.
303 852 360 878 125.

265 2715 292 2738 p.
310 2705 367 2731 126.

385 211 469 253 100
584 219 693 255 Ratio
718 220 920 255 studiorum
948 226 984 256 et
1008 217 1261 255 institutiones
1287 218 1526 255 scholasticae
1551 219 1748 256 Societatis
1773 218 1864 256 Jesu
1889 216 1928 255 ΙΙ

381 339 517 392 tione,
550 340 624 382 vel
657 340 892 382 conuenire
922 344 1255 396 praeceptorem
1285 337 1334 378 in
1366 336 1598 378 cubiculo:
1631 337 1688 378 ad
1717 337 1765 379 id
1796 338 1917 380 enim
1948 353 2071 394 prae-

382 410 548 452 scribet
578 410 654 452 ille
687 410 845 452 horam
884 411 971 452 sibi
1008 425 1100 451 non
1138 406 1483 450 incommodam.
1535 432 1586 438 —
1632 407 1784 450 Erunt
1831 413 1985 451 autem
2021 409 2071 450 in

380 480 723 536 repetitionibus
763 481 952 522 modesti
991 486 1035 521 et
1074 480 1368 534 obsequentes
1406 477 1620 534 praesidi:
1668 478 1705 519 si
1737 479 1916 534 quando
1948 494 2072 521 secus

381 551 586 605 fecerint,
619 551 878 593 deferantur
906 565 984 607 per
1004 564 1230 592 censorem
1252 549 1464 604 aliquem:
1500 549 1654 590 crebro
1674 549 1811 591 etiam
1830 549 2075 592 visitentur

382 636 411 664 a·
438 622 669 664 Praefecto
708 622 983 675 studiorum,
1026 634 1353 675 nonnunquam
1399 633 1425 661 a
1463 620 1667 674 Rectore,
1708 624 1753 661 et
1784 620 2015 663 interdum
2047 636 2074 663 a

380 695 693 750 Praeceptore.
750 692 930 734 tametsi
982 705 1157 748 praeses
1204 690 1241 732 si
1294 690 1480 732 caeteris
1527 690 1618 732 fere
1661 691 1808 733 senior
1849 691 1988 734 fuerit
2027 696 2073 734 et

381 779 545 819 magna
579 763 748 819 ingenij
783 762 1128 816 existimatione,
1161 761 1294 818 pauci
1325 776 1416 803 non
1449 762 1489 803 ei
1521 761 1767 804 concedent
1793 763 2003 805 libenter:
2036 763 2075 805 31

383 835 483 890 quis
515 840 666 876 tamen
696 833 918 889 professor
950 832 1093 874 dictat
1121 836 1129 886 1
1154 836 1346 886 tantum,
1379 837 1425 874 et
1454 847 1546 875 non
1568 833 1778 890 explicat,
1811 834 1962 876 abesse
1980 848 2074 876 non

382 906 514 947 debet
554 921 578 947 a
621 904 982 961 repetitionibus
1046 903 1172 944 Idem
1213 902 1271 944 sit
1308 903 1540 958 iudicium,
1585 919 1685 946 cum
1717 904 1887 947 deesset
1917 904 1996 961 qui
2026 904 2075 946 id

382 976 577 1018 muneris
610 975 840 1017 commode
871 974 1113 1016 admodum
1144 977 1368 1030 praestare
1398 974 1550 1031 possit.

522 1051 562 1091 4.
610 1047 701 1089 Vbi
748 1047 830 1088 sub
878 1046 1061 1088 initium
1107 1044 1221 1101 Julij
1262 1045 1412 1087 studia
1444 1045 1589 1087 solent
1619 1045 1684 1087 ita
1719 1045 1905 1100 remitti,
1944 1045 2074 1088 Vtin

382 1118 652 1160 facultatum
683 1118 963 1174 superiorum
995 1115 1210 1158 classibus
1243 1131 1269 1158 a
1298 1115 1489 1173 prandio
1520 1131 1613 1159 non
1644 1117 1836 1172 legatur,
1878 1131 1930 1159 eo
1961 1121 2074 1159 tem-

381 1204 486 1246 pore
518 1203 656 1244 Vsque
688 1188 746 1230 ad
779 1193 990 1230 octauum
1020 1187 1111 1229 fere
1144 1186 1262 1228 diem
1302 1186 1577 1243 Septembris
1615 1192 1879 1244 repetantur
1920 1187 2076 1230 audita

381 1265 476 1302 toto
509 1275 642 1314 anno,
681 1259 935 1301 distributis
966 1257 1194 1315 primarijs
1224 1257 1424 1314 materijs
1455 1273 1534 1315 per
1563 1262 1914 1316 praeceptorem:
1955 1273 2073 1302 Vnus

381 1336 553 1388 repetat
583 1331 845 1388 praecipuas
878 1329 1185 1372 conclusiones
1217 1343 1319 1370 011111
1338 1343 1429 1371 vno
1449 1329 1521 1371 Vel
1544 1329 1688 1371 altero
1709 1333 1977 1386 argumento
1998 1344 2076 1386 per

382 1401 697 1458 quadrantem:
722 1402 809 1443 duo
821 1404 1192 1456 argumententur
1200 1404 1355 1441 contra
1366 1399 1476 1442 duos
1485 1400 1610 1443 alios.
1634 1401 1917 1457 Repetantur
1925 1404 2076 1443 autem

381 1473 514 1516 vnius
537 1472 805 1515 Professoris
836 1471 1118 1528 quaestiones
1147 1470 1429 1513 hebdomada
1449 1485 1553 1526 vna,
1587 1471 1728 1514 altera
1747 1486 1854 1515 vero
1877 1471 2076 1527 alterius,

380 1543 447 1586 ita
468 1548 632 1599 tamen,
665 1548 718 1587 vt
748 1543 1030 1585 hebdomada
1053 1541 1256 1598 qualibet
1276 1541 1621 1599 interponantur
1642 1542 1756 1584 duae
1776 1542 2078 1599 praesentium

382 1615 628 1657 lectionum
674 1614 984 1671 repetitiones,
1033 1628 1124 1656 vna
1169 1613 1324 1667 Vnius,
1373 1613 1516 1655 altera
1561 1613 1745 1656 alterius
1795 1613 2076 1659 professoris.

384 1687 570 1728 Praeter
590 1686 675 1728 hoc
698 1686 832 1727 semel
855 1685 903 1727 in
924 1683 1218 1738 hebdomada,
1251 1683 1366 1726 forte
1384 1683 1455 1726 die
1475 1684 1731 1739 Dominico,
1764 1684 2077 1740 ingeniosiori-

382 1757 464 1799 bus
499 1757 650 1813 quarti
681 1757 753 1799 vel
785 1756 906 1812 tertij
942 1757 1050 1798 anni
1071 1754 1316 1810 Professor,
1349 1755 1397 1796 in
1420 1755 1546 1797 cuius
1567 1755 1899 1798 hebdomadam
1925 1755 1962 1797 is
1982 1755 2077 1798 dies

384 1828 651 1870 Dominicus
673 1828 809 1882 cadit,
834 1827 1033 1883 assignet
1053 1826 1225 1883 amplas
1242 1826 1416 1882 aliquas
1434 1830 1478 1868 et
1493 1826 1690 1869 illustres
1711 1826 1934 1882 materias,
1967 1841 2077 1882 quas

383 1914 498 1941 Vnus
531 1899 696 1955 aliquis
721 1898 920 1942 vicissim
945 1897 1289 1940 commutandus
1322 1896 1516 1954 explicet
1547 1901 1700 1940 ornate
1730 1912 1810 1954 per
1840 1897 2077 1939 dimidiam

383 1970 539 2012 horam
580 1985 681 2012 cum
714 1974 933 2027 apparatu
965 1974 1008 2011 et
1040 1969 1231 2011 aliorum
1263 1972 1489 2010 conuentu
1527 1968 1585 2010 ad
1624 1967 1993 2011 exercitationem
2034 1971 2080 2010 et

382 2041 726 2083 recreationem:
774 2040 949 2096 reliqua
992 2039 1182 2082 dimidia
1221 2039 1331 2082 hora
1369 2038 1580 2081 defendat
1619 2039 1740 2095 quod
1770 2039 1896 2094 legit,
1943 2053 2075 2095 argu-

383 2117 616 2154 mentante
665 2127 756 2155 vno
804 2112 876 2154 vel
922 2111 1075 2153 altero.
1155 2110 1423 2166 Vbicunque
1475 2109 1611 2152 etiam
1660 2110 1836 2152 duobus
1886 2114 2076 2153 vacatur

383 2183 625 2237 mensibus,
666 2183 980 2225 introducatur
1011 2181 1270 2224 huiusmodi
1301 2180 1512 2238 repetitio
1543 2195 1620 2237 per
1650 2195 1847 2223 mensem
1877 2180 2076 2238 primum

384 2255 685 2308 vacationum,
720 2258 763 2295 et
794 2253 858 2295 ita
890 2253 1157 2307 distributis,
1197 2252 1274 2308 qui
1306 2256 1472 2294 exeunt
1503 2251 1702 2294 vicissim
1735 2251 1792 2294 ad
1823 2251 1995 2306 villam,
2025 2254 2078 2294 vt

385 2339 569 2367 numero
601 2324 815 2367 mediocri
847 2328 1122 2367 sustentetur
1152 2323 1261 2366 haec
1293 2322 1568 2365 exercitatio.

893 2669 972 2732 De
1017 2665 1561 2746 Disputationibus.

1118 2800 1232 2864 Cap.
1273 2799 1348 2849 VI.

531 2895 601 2949 [1.]
654 2894 708 2935 111
756 2894 968 2947 sabbato,
1016 2893 1091 2934 vel
1141 2891 1195 2946 (si
1237 2891 1285 2933 id
1321 2894 1452 2934 vetus
1491 2889 1764 2932 Academiae
1800 2888 2074 2932 consuetudo

390 2965 558 3020 exigat)
590 2964 827 3005 Dominico
862 2964 932 3005 (lie
967 2979 992 3005 a
1020 2963 1212 3018 'prandio
1234 2961 1510 3004 Professores
1542 2961 1740 3004 vicissim
1760 2960 1959 3002 habeant
1977 2973 2076 3017 pro-

390 3037 509 3092 prias
540 3035 587 3076 in
621 3034 794 3076 Scholis
827 3033 1168 3090 disputationes
1201 3038 1244 3074 et
1276 3032 1458 3088 quidem
1489 3047 1568 3088 per
1599 3032 1709 3074 duas
1739 3030 1885 3085 horas,
1915 3045 2075 3087 nempe

391 3106 578 3148 dimidia
611 3106 719 3147 hora
750 3109 851 3162 post
883 3119 1117 3146 commune
1149 3102 1421 3160 principium
1442 3102 1719 3156 Scholarum,
1751 3100 1840 3142 nisi
1861 3100 1940 3143 vbi
1960 3100 2072 3143 mul-
