<?xml version="1.0" encoding="UTF-8"?>
<!DOCTYPE html PUBLIC "-//W3C//DTD XHTML 1.0 Transitional//EN"
    "http://www.w3.org/TR/xhtml1/DTD/xhtml1-transitional.dtd">
<html xmlns="http://www.w3.org/1999/xhtml" xml:lang="en" lang="en">
 <head>
  <title>
</title>
<meta http-equiv="Content-Type" content="text/html;charset=utf-8" />
  <meta name='ocr-system' content='tesseract 3.04.00' />
  <meta name='ocr-capabilities' content='ocr_page ocr_carea ocr_par ocr_line ocrx_word'/>
</head>
<body>
  <div class='ocr_page' id='page_1' title='image "./ratiostudiorumet05jesu_0327.png"; bbox 0 0 2148 3402; ppageno 0'>
   <div class='ocr_carea' id='block_1_1' title="bbox 442 190 1763 240">
    <p class='ocr_par' dir='ltr' id='par_1_1' title="bbox 442 190 1763 240">
     <span class='ocr_line' id='line_1_1' title="bbox 442 190 1763 240; baseline 0 -10"><span class='ocrx_word' id='word_1_1' title='bbox 442 195 486 230; x_wconf 91' lang='lat' dir='ltr'>R.</span> <span class='ocrx_word' id='word_1_2' title='bbox 512 200 558 230; x_wconf 84' lang='lat' dir='ltr'>st.</span> <span class='ocrx_word' id='word_1_3' title='bbox 576 196 676 230; x_wconf 85' lang='lat'>1599.</span> <span class='ocrx_word' id='word_1_4' title='bbox 727 196 929 239; x_wconf 68' lang='lat' dir='ltr'>Uatalogus</span> <span class='ocrx_word' id='word_1_5' title='bbox 954 196 1095 239; x_wconf 76' lang='lat' dir='ltr'>aliquot</span> <span class='ocrx_word' id='word_1_6' title='bbox 1121 196 1386 240; x_wconf 72' lang='lat' dir='ltr'>quaestionum.</span> <span class='ocrx_word' id='word_1_7' title='bbox 1680 190 1763 232; x_wconf 89' lang='grc'>311</span> 
     </span>
    </p>
   </div>
   <div class='ocr_carea' id='block_1_2' title="bbox 37 270 1142 274">
    <p class='ocr_par' dir='ltr' id='par_1_2' title="bbox 37 270 1142 274">
     <span class='ocr_line' id='line_1_2' title="bbox 37 270 1142 274; baseline 0 0"><span class='ocrx_word' id='word_1_8' title='bbox 37 270 1142 274; x_wconf 95' lang='lat' dir='ltr'> </span> 
     </span>
    </p>
   </div>
   <div class='ocr_carea' id='block_1_3' title="bbox 33 314 1773 657">
    <p class='ocr_par' dir='ltr' id='par_1_3' title="bbox 35 314 1773 514">
     <span class='ocr_line' id='line_1_3' title="bbox 177 314 1770 372; baseline 0.003 -16"><span class='ocrx_word' id='word_1_9' title='bbox 177 314 231 356; x_wconf 88' lang='lat' dir='ltr'>In</span> <span class='ocrx_word' id='word_1_10' title='bbox 272 315 555 370; x_wconf 86' lang='lat' dir='ltr'>quaestione,</span> <span class='ocrx_word' id='word_1_11' title='bbox 595 331 653 357; x_wconf 88' lang='lat' dir='ltr'>an</span> <span class='ocrx_word' id='word_1_12' title='bbox 685 315 807 357; x_wconf 90' lang='lat' dir='ltr'>Deus</span> <span class='ocrx_word' id='word_1_13' title='bbox 846 314 905 356; x_wconf 88' lang='lat' dir='ltr'>sit</span> <span class='ocrx_word' id='word_1_14' title='bbox 941 316 989 357; x_wconf 91' lang='lat' dir='ltr'>in</span> <span class='ocrx_word' id='word_1_15' title='bbox 1029 316 1413 372; x_wconf 71' lang='lat' dir='ltr'>praedicamento,</span> <span class='ocrx_word' id='word_1_16' title='bbox 1456 319 1770 360; x_wconf 69' lang='lat' dir='ltr'>rescindantur</span> 
     </span>
     <span class='ocr_line' id='line_1_4' title="bbox 36 386 1773 445; baseline 0.002 -18"><span class='ocrx_word' id='word_1_17' title='bbox 36 401 150 442; x_wconf 88' lang='lat' dir='ltr'>quae</span> <span class='ocrx_word' id='word_1_18' title='bbox 189 390 296 427; x_wconf 88' lang='lat' dir='ltr'>sunt</span> <span class='ocrx_word' id='word_1_19' title='bbox 333 386 517 443; x_wconf 86' lang='lat' dir='ltr'>propria</span> <span class='ocrx_word' id='word_1_20' title='bbox 557 386 947 443; x_wconf 77' lang='lat' dir='ltr'>Philosophorum.</span> <span class='ocrx_word' id='word_1_21' title='bbox 1011 387 1225 437; x_wconf 75' lang='lat' dir='ltr'>Quaestio</span> <span class='ocrx_word' id='word_1_22' title='bbox 1266 401 1393 442; x_wconf 85' lang='lat' dir='ltr'>vero,</span> <span class='ocrx_word' id='word_1_23' title='bbox 1439 403 1495 430; x_wconf 82' lang='lat' dir='ltr'>an</span> <span class='ocrx_word' id='word_1_24' title='bbox 1528 390 1696 445; x_wconf 85' lang='lat' dir='ltr'>Angeli</span> <span class='ocrx_word' id='word_1_25' title='bbox 1728 394 1773 431; x_wconf 83' lang='lat' dir='ltr'>ot</span> 
     </span>
     <span class='ocr_line' id='line_1_5' title="bbox 35 457 1540 514; baseline 0.001 -15"><span class='ocrx_word' id='word_1_26' title='bbox 35 457 160 500; x_wconf 84' lang='lat' dir='ltr'>Coeli</span> <span class='ocrx_word' id='word_1_27' title='bbox 195 457 287 499; x_wconf 82' lang='lat' dir='ltr'>sint</span> <span class='ocrx_word' id='word_1_28' title='bbox 316 458 366 500; x_wconf 88' lang='lat' dir='ltr'>in</span> <span class='ocrx_word' id='word_1_29' title='bbox 396 457 773 514; x_wconf 82' lang='lat' dir='ltr'>praedicamento,</span> <span class='ocrx_word' id='word_1_30' title='bbox 808 462 905 499; x_wconf 90' lang='lat' dir='ltr'>tota</span> <span class='ocrx_word' id='word_1_31' title='bbox 936 457 1211 514; x_wconf 88' lang='lat' dir='ltr'>Philosopho</span> <span class='ocrx_word' id='word_1_32' title='bbox 1243 457 1540 514; x_wconf 82' lang='lat' dir='ltr'>relinquatur.</span> 
     </span>
    </p>

    <p class='ocr_par' dir='ltr' id='par_1_4' title="bbox 33 528 1769 657">
     <span class='ocr_line' id='line_1_6' title="bbox 176 528 1769 586; baseline 0.003 -16"><span class='ocrx_word' id='word_1_33' title='bbox 176 528 251 570; x_wconf 87' lang='lat' dir='ltr'>An</span> <span class='ocrx_word' id='word_1_34' title='bbox 283 528 567 586; x_wconf 68' lang='lat' dir='ltr'>simplicitati</span> <span class='ocrx_word' id='word_1_35' title='bbox 599 529 781 571; x_wconf 82' lang='lat' dir='ltr'>divinae</span> <span class='ocrx_word' id='word_1_36' title='bbox 813 533 1037 585; x_wconf 88' lang='lat' dir='ltr'>repugnet</span> <span class='ocrx_word' id='word_1_37' title='bbox 1067 530 1369 572; x_wconf 75' lang='lat' dir='ltr'>Personarum</span> <span class='ocrx_word' id='word_1_38' title='bbox 1401 535 1445 572; x_wconf 89' lang='lat' dir='ltr'>et</span> <span class='ocrx_word' id='word_1_39' title='bbox 1477 531 1769 574; x_wconf 84' lang='lat' dir='ltr'>Relationum</span> 
     </span>
     <span class='ocr_line' id='line_1_7' title="bbox 33 599 1344 657; baseline 0.002 -16"><span class='ocrx_word' id='word_1_40' title='bbox 33 600 286 657; x_wconf 68' lang='lat' dir='ltr'>pluralitas,</span> <span class='ocrx_word' id='word_1_41' title='bbox 318 615 411 642; x_wconf 90' lang='lat' dir='ltr'>non</span> <span class='ocrx_word' id='word_1_42' title='bbox 443 604 661 642; x_wconf 88' lang='lat' dir='ltr'>tractetur</span> <span class='ocrx_word' id='word_1_43' title='bbox 692 600 779 655; x_wconf 88' lang='lat' dir='ltr'>hio,</span> <span class='ocrx_word' id='word_1_44' title='bbox 812 599 888 642; x_wconf 81' lang='lat' dir='ltr'>sed</span> <span class='ocrx_word' id='word_1_45' title='bbox 919 599 1041 642; x_wconf 86' lang='lat' dir='ltr'>infra</span> <span class='ocrx_word' id='word_1_46' title='bbox 1073 617 1114 656; x_wconf 90' lang='lat' dir='ltr'>q.</span> <span class='ocrx_word' id='word_1_47' title='bbox 1137 604 1206 645; x_wconf 78' lang='lat'>28.</span> <span class='ocrx_word' id='word_1_48' title='bbox 1241 616 1278 645; x_wconf 91' lang='lat' dir='ltr'>a.</span> <span class='ocrx_word' id='word_1_49' title='bbox 1304 604 1344 645; x_wconf 84' lang='lat'>2.</span> 
     </span>
    </p>
   </div>
   <div class='ocr_carea' id='block_1_4' title="bbox 1820 336 1892 359">
    <p class='ocr_par' dir='ltr' id='par_1_5' title="bbox 1820 336 1892 359">
     <span class='ocr_line' id='line_1_8' title="bbox 1820 336 1892 359; baseline -0.014 0"><span class='ocrx_word' id='word_1_50' title='bbox 1820 344 1844 359; x_wconf 73' lang='lat' dir='ltr'>a.</span> <span class='ocrx_word' id='word_1_51' title='bbox 1872 336 1892 358; x_wconf 68' lang='lat'>1.</span> 
     </span>
    </p>
   </div>
   <div class='ocr_carea' id='block_1_5' title="bbox 1821 552 1892 574">
    <p class='ocr_par' dir='ltr' id='par_1_6' title="bbox 1821 552 1892 574">
     <span class='ocr_line' id='line_1_9' title="bbox 1821 552 1892 574; baseline -0.014 0"><span class='ocrx_word' id='word_1_52' title='bbox 1821 558 1845 574; x_wconf 73' lang='lat' dir='ltr'>a.</span> <span class='ocrx_word' id='word_1_53' title='bbox 1869 552 1892 573; x_wconf 83' lang='grc'>7.</span> 
     </span>
    </p>
   </div>
   <div class='ocr_carea' id='block_1_6' title="bbox 176 671 1962 729">
    <p class='ocr_par' dir='ltr' id='par_1_7' title="bbox 176 671 1962 729">
     <span class='ocr_line' id='line_1_10' title="bbox 176 671 1962 729; baseline 0.001 -15"><span class='ocrx_word' id='word_1_54' title='bbox 176 672 252 714; x_wconf 91' lang='lat' dir='ltr'>An</span> <span class='ocrx_word' id='word_1_55' title='bbox 287 673 441 727; x_wconf 84' lang='lat' dir='ltr'>aliqua</span> <span class='ocrx_word' id='word_1_56' title='bbox 472 672 700 729; x_wconf 86' lang='lat' dir='ltr'>perfectio,</span> <span class='ocrx_word' id='word_1_57' title='bbox 734 686 847 728; x_wconf 88' lang='lat' dir='ltr'>quae</span> <span class='ocrx_word' id='word_1_58' title='bbox 868 671 1120 714; x_wconf 81' lang='lat' dir='ltr'>formaliter</span> <span class='ocrx_word' id='word_1_59' title='bbox 1150 671 1210 713; x_wconf 91' lang='lat' dir='ltr'>sit</span> <span class='ocrx_word' id='word_1_60' title='bbox 1236 672 1282 713; x_wconf 87' lang='lat' dir='ltr'>in</span> <span class='ocrx_word' id='word_1_61' title='bbox 1302 672 1411 727; x_wconf 90' lang='lat' dir='ltr'>Deo,</span> <span class='ocrx_word' id='word_1_62' title='bbox 1445 672 1583 714; x_wconf 87' lang='lat' dir='ltr'>libere</span> <span class='ocrx_word' id='word_1_63' title='bbox 1605 673 1645 714; x_wconf 87' lang='lat' dir='ltr'>ei</span> <span class='ocrx_word' id='word_1_64' title='bbox 1668 688 1770 715; x_wconf 82' lang='lat' dir='ltr'>con-</span> <span class='ocrx_word' id='word_1_65' title='bbox 1791 702 1819 723; x_wconf 54' lang='lat'>11.</span> <span class='ocrx_word' id='word_1_66' title='bbox 1841 693 1866 716; x_wconf 60' lang='grc' dir='ltr'>ι,</span> <span class='ocrx_word' id='word_1_67' title='bbox 1888 701 1913 716; x_wconf 59' lang='lat' dir='ltr'>a.</span> <span class='ocrx_word' id='word_1_68' title='bbox 1939 693 1962 716; x_wconf 83' lang='grc' dir='ltr'>ι.</span> 
     </span>
    </p>
   </div>
   <div class='ocr_carea' id='block_1_7' title="bbox 33 742 1771 942">
    <p class='ocr_par' dir='ltr' id='par_1_8' title="bbox 33 742 1771 942">
     <span class='ocr_line' id='line_1_11' title="bbox 33 742 1770 800; baseline 0.001 -15"><span class='ocrx_word' id='word_1_69' title='bbox 33 742 202 798; x_wconf 82' lang='lat' dir='ltr'>veniat,</span> <span class='ocrx_word' id='word_1_70' title='bbox 236 743 473 786; x_wconf 86' lang='lat' dir='ltr'>differatur</span> <span class='ocrx_word' id='word_1_71' title='bbox 502 744 551 786; x_wconf 90' lang='lat' dir='ltr'>in</span> <span class='ocrx_word' id='word_1_72' title='bbox 583 760 623 800; x_wconf 84' lang='lat' dir='ltr'>q.</span> <span class='ocrx_word' id='word_1_73' title='bbox 660 746 727 789; x_wconf 84' lang='lat'>19.</span> <span class='ocrx_word' id='word_1_74' title='bbox 760 759 798 785; x_wconf 80' lang='lat' dir='ltr'>a.</span> <span class='ocrx_word' id='word_1_75' title='bbox 832 746 872 786; x_wconf 79' lang='lat'>2.</span> <span class='ocrx_word' id='word_1_76' title='bbox 924 743 998 785; x_wconf 87' lang='lat' dir='ltr'>An</span> <span class='ocrx_word' id='word_1_77' title='bbox 1029 747 1180 785; x_wconf 87' lang='lat' dir='ltr'>autem</span> <span class='ocrx_word' id='word_1_78' title='bbox 1213 744 1393 785; x_wconf 77' lang='lat' dir='ltr'>Relatio</span> <span class='ocrx_word' id='word_1_79' title='bbox 1427 743 1584 786; x_wconf 87' lang='lat' dir='ltr'>divina</span> <span class='ocrx_word' id='word_1_80' title='bbox 1615 759 1770 786; x_wconf 76' lang='lat' dir='ltr'>secun-</span> 
     </span>
     <span class='ocr_line' id='line_1_12' title="bbox 40 814 1771 872; baseline 0.001 -16"><span class='ocrx_word' id='word_1_81' title='bbox 40 815 149 856; x_wconf 86' lang='lat' dir='ltr'>dum</span> <span class='ocrx_word' id='word_1_82' title='bbox 181 830 227 856; x_wconf 91' lang='lat' dir='ltr'>se</span> <span class='ocrx_word' id='word_1_83' title='bbox 260 815 321 857; x_wconf 88' lang='lat' dir='ltr'>sit</span> <span class='ocrx_word' id='word_1_84' title='bbox 353 815 507 870; x_wconf 88' lang='lat' dir='ltr'>aliqua</span> <span class='ocrx_word' id='word_1_85' title='bbox 537 815 767 872; x_wconf 71' lang='lat' dir='ltr'>perfectio,</span> <span class='ocrx_word' id='word_1_86' title='bbox 800 814 1058 857; x_wconf 78' lang='lat' dir='ltr'>remittatur</span> <span class='ocrx_word' id='word_1_87' title='bbox 1097 815 1154 856; x_wconf 83' lang='lat' dir='ltr'>ad</span> <span class='ocrx_word' id='word_1_88' title='bbox 1186 814 1422 857; x_wconf 78' lang='lat' dir='ltr'>materiam</span> <span class='ocrx_word' id='word_1_89' title='bbox 1456 815 1509 856; x_wconf 85' lang='lat' dir='ltr'>de</span> <span class='ocrx_word' id='word_1_90' title='bbox 1542 815 1771 858; x_wconf 87' lang='lat' dir='ltr'>Trinitate</span> 
     </span>
     <span class='ocr_line' id='line_1_13' title="bbox 173 885 1768 942; baseline 0 -14"><span class='ocrx_word' id='word_1_91' title='bbox 173 886 571 929; x_wconf 88' lang='lat' dir='ltr'>Praetermittatur</span> <span class='ocrx_word' id='word_1_92' title='bbox 591 890 636 928; x_wconf 93' lang='lat' dir='ltr'>et</span> <span class='ocrx_word' id='word_1_93' title='bbox 659 902 715 928; x_wconf 81' lang='lat' dir='ltr'>ex</span> <span class='ocrx_word' id='word_1_94' title='bbox 732 885 1044 942; x_wconf 86' lang='lat' dir='ltr'>Metaphysica</span> <span class='ocrx_word' id='word_1_95' title='bbox 1058 892 1350 942; x_wconf 70' lang='lat' dir='ltr'>supponatur,</span> <span class='ocrx_word' id='word_1_96' title='bbox 1374 886 1484 941; x_wconf 80' lang='lat' dir='ltr'>quid</span> <span class='ocrx_word' id='word_1_97' title='bbox 1506 887 1565 927; x_wconf 90' lang='lat' dir='ltr'>sit</span> <span class='ocrx_word' id='word_1_98' title='bbox 1586 887 1768 929; x_wconf 88' lang='lat' dir='ltr'>bonum.</span> 
     </span>
    </p>
   </div>
   <div class='ocr_carea' id='block_1_8' title="bbox 1817 914 1891 936">
    <p class='ocr_par' dir='ltr' id='par_1_9' title="bbox 1817 914 1891 936">
     <span class='ocr_line' id='line_1_14' title="bbox 1817 914 1891 936; baseline 0.041 -10"><span class='ocrx_word' id='word_1_99' title='bbox 1817 915 1844 936; x_wconf 63' lang='lat' dir='ltr'>q.</span> <span class='ocrx_word' id='word_1_100' title='bbox 1866 914 1891 929; x_wconf 68' lang='grc' dir='ltr'>ἰ).</span> 
     </span>
    </p>
   </div>
   <div class='ocr_carea' id='block_1_9' title="bbox 175 957 1965 1013">
    <p class='ocr_par' dir='ltr' id='par_1_10' title="bbox 175 957 1965 1013">
     <span class='ocr_line' id='line_1_15' title="bbox 175 957 1965 1013; baseline 0.001 -14"><span class='ocrx_word' id='word_1_101' title='bbox 175 957 295 1008; x_wconf 77' lang='lat' dir='ltr'>Quid</span> <span class='ocrx_word' id='word_1_102' title='bbox 327 957 596 999; x_wconf 87' lang='lat' dir='ltr'>Aristoteles</span> <span class='ocrx_word' id='word_1_103' title='bbox 627 957 815 999; x_wconf 73' lang='lat' dir='ltr'>senserit</span> <span class='ocrx_word' id='word_1_104' title='bbox 854 957 908 999; x_wconf 89' lang='lat' dir='ltr'>de</span> <span class='ocrx_word' id='word_1_105' title='bbox 938 957 1024 998; x_wconf 85' lang='lat' dir='ltr'>Dei</span> <span class='ocrx_word' id='word_1_106' title='bbox 1060 957 1309 1011; x_wconf 87' lang='lat' dir='ltr'>infinitate,</span> <span class='ocrx_word' id='word_1_107' title='bbox 1351 957 1634 1013; x_wconf 75' lang='lat' dir='ltr'>relinquatur</span> <span class='ocrx_word' id='word_1_108' title='bbox 1665 958 1770 1000; x_wconf 88' lang='lat' dir='ltr'>Phi-</span> <span class='ocrx_word' id='word_1_109' title='bbox 1796 985 1824 1007; x_wconf 69' lang='lat' dir='ltr'>q.</span> <span class='ocrx_word' id='word_1_110' title='bbox 1847 976 1871 1000; x_wconf 64' lang='grc' dir='ltr'>τ,</span> <span class='ocrx_word' id='word_1_111' title='bbox 1894 984 1917 1000; x_wconf 69' lang='lat' dir='ltr'>a.</span> <span class='ocrx_word' id='word_1_112' title='bbox 1942 978 1965 1002; x_wconf 85' lang='lat'>1.</span> 
     </span>
    </p>
   </div>
   <div class='ocr_carea' id='block_1_10' title="bbox 32 1029 233 1086">
    <p class='ocr_par' dir='ltr' id='par_1_11' title="bbox 32 1029 233 1086">
     <span class='ocr_line' id='line_1_16' title="bbox 32 1029 233 1086; baseline -0.005 -15"><span class='ocrx_word' id='word_1_113' title='bbox 32 1029 233 1086; x_wconf 87' lang='lat' dir='ltr'>losopho.</span> 
     </span>
    </p>
   </div>
   <div class='ocr_carea' id='block_1_11' title="bbox 174 1099 1862 1157">
    <p class='ocr_par' dir='ltr' id='par_1_12' title="bbox 174 1099 1862 1157">
     <span class='ocr_line' id='line_1_17' title="bbox 174 1099 1862 1157; baseline 0 -14"><span class='ocrx_word' id='word_1_114' title='bbox 174 1100 248 1143; x_wconf 90' lang='lat' dir='ltr'>An</span> <span class='ocrx_word' id='word_1_115' title='bbox 284 1101 424 1143; x_wconf 89' lang='lat' dir='ltr'>creari</span> <span class='ocrx_word' id='word_1_116' title='bbox 455 1102 597 1157; x_wconf 88' lang='lat' dir='ltr'>possit</span> <span class='ocrx_word' id='word_1_117' title='bbox 629 1101 803 1156; x_wconf 86' lang='lat' dir='ltr'>aliquid</span> <span class='ocrx_word' id='word_1_118' title='bbox 834 1100 1067 1143; x_wconf 81' lang='lat' dir='ltr'>infinitum</span> <span class='ocrx_word' id='word_1_119' title='bbox 1099 1099 1147 1141; x_wconf 89' lang='lat' dir='ltr'>in</span> <span class='ocrx_word' id='word_1_120' title='bbox 1171 1101 1427 1155; x_wconf 86' lang='lat' dir='ltr'>quantitate</span> <span class='ocrx_word' id='word_1_121' title='bbox 1460 1101 1533 1143; x_wconf 89' lang='lat' dir='ltr'>vel</span> <span class='ocrx_word' id='word_1_122' title='bbox 1552 1101 1599 1143; x_wconf 89' lang='lat' dir='ltr'>in</span> <span class='ocrx_word' id='word_1_123' title='bbox 1623 1101 1768 1157; x_wconf 84' lang='lat' dir='ltr'>quali-</span> <span class='ocrx_word' id='word_1_124' title='bbox 1791 1128 1815 1144; x_wconf 73' lang='lat' dir='ltr'>a.</span> <span class='ocrx_word' id='word_1_125' title='bbox 1838 1121 1862 1145; x_wconf 79' lang='lat'>2.</span> 
     </span>
    </p>
   </div>
   <div class='ocr_carea' id='block_1_12' title="bbox 30 1171 1773 1800">
    <p class='ocr_par' dir='ltr' id='par_1_13' title="bbox 30 1171 1773 1513">
     <span class='ocr_line' id='line_1_18' title="bbox 32 1171 1765 1229; baseline 0 -15"><span class='ocrx_word' id='word_1_126' title='bbox 32 1173 203 1214; x_wconf 89' lang='lat' dir='ltr'>tatibus</span> <span class='ocrx_word' id='word_1_127' title='bbox 219 1172 515 1225; x_wconf 88' lang='lat' dir='ltr'>naturalibus,</span> <span class='ocrx_word' id='word_1_128' title='bbox 550 1172 815 1229; x_wconf 83' lang='lat' dir='ltr'>Philosophi</span> <span class='ocrx_word' id='word_1_129' title='bbox 832 1177 898 1214; x_wconf 90' lang='lat' dir='ltr'>est</span> <span class='ocrx_word' id='word_1_130' title='bbox 918 1172 1162 1228; x_wconf 84' lang='lat' dir='ltr'>disputare,</span> <span class='ocrx_word' id='word_1_131' title='bbox 1194 1172 1310 1213; x_wconf 84' lang='lat' dir='ltr'>sicut</span> <span class='ocrx_word' id='word_1_132' title='bbox 1341 1176 1385 1213; x_wconf 87' lang='lat' dir='ltr'>et</span> <span class='ocrx_word' id='word_1_133' title='bbox 1419 1171 1474 1213; x_wconf 85' lang='lat' dir='ltr'>de</span> <span class='ocrx_word' id='word_1_134' title='bbox 1505 1173 1684 1214; x_wconf 89' lang='lat' dir='ltr'>infinito</span> <span class='ocrx_word' id='word_1_135' title='bbox 1717 1172 1765 1214; x_wconf 90' lang='lat' dir='ltr'>in</span> 
     </span>
     <span class='ocr_line' id='line_1_19' title="bbox 33 1243 1773 1300; baseline -0.001 -14"><span class='ocrx_word' id='word_1_136' title='bbox 33 1259 198 1300; x_wconf 84' lang='lat' dir='ltr'>genere</span> <span class='ocrx_word' id='word_1_137' title='bbox 229 1243 530 1297; x_wconf 84' lang='lat' dir='ltr'>substantiae3</span> <span class='ocrx_word' id='word_1_138' title='bbox 566 1258 667 1285; x_wconf 80' lang='lat' dir='ltr'>cuin</span> <span class='ocrx_word' id='word_1_139' title='bbox 699 1249 793 1286; x_wconf 80' lang='lat' dir='ltr'>tani</span> <span class='ocrx_word' id='word_1_140' title='bbox 825 1244 910 1286; x_wconf 87' lang='lat' dir='ltr'>hoc</span> <span class='ocrx_word' id='word_1_141' title='bbox 944 1259 1078 1299; x_wconf 86' lang='lat' dir='ltr'>quam</span> <span class='ocrx_word' id='word_1_142' title='bbox 1111 1243 1225 1285; x_wconf 83' lang='lat' dir='ltr'>illud</span> <span class='ocrx_word' id='word_1_143' title='bbox 1258 1243 1488 1284; x_wconf 88' lang='lat' dir='ltr'>infinitum</span> <span class='ocrx_word' id='word_1_144' title='bbox 1530 1259 1622 1285; x_wconf 79' lang='lat' dir='ltr'>esse</span> <span class='ocrx_word' id='word_1_145' title='bbox 1655 1259 1773 1285; x_wconf 87' lang='lat' dir='ltr'>crea-</span> 
     </span>
     <span class='ocr_line' id='line_1_20' title="bbox 30 1314 1769 1372; baseline -0.001 -15"><span class='ocrx_word' id='word_1_146' title='bbox 30 1316 134 1369; x_wconf 87' lang='lat' dir='ltr'>bile,</span> <span class='ocrx_word' id='word_1_147' title='bbox 155 1315 314 1357; x_wconf 86' lang='lat' dir='ltr'>iisdem</span> <span class='ocrx_word' id='word_1_148' title='bbox 337 1314 428 1356; x_wconf 82' lang='lat' dir='ltr'>fere</span> <span class='ocrx_word' id='word_1_149' title='bbox 449 1316 728 1371; x_wconf 77' lang='lat' dir='ltr'>argumentis</span> <span class='ocrx_word' id='word_1_150' title='bbox 750 1315 932 1372; x_wconf 86' lang='lat' dir='ltr'>probari</span> <span class='ocrx_word' id='word_1_151' title='bbox 952 1316 1094 1357; x_wconf 80' lang='lat' dir='ltr'>soleat</span> <span class='ocrx_word' id='word_1_152' title='bbox 1115 1319 1194 1356; x_wconf 88' lang='lat' dir='ltr'>aut</span> <span class='ocrx_word' id='word_1_153' title='bbox 1214 1315 1482 1371; x_wconf 85' lang='lat' dir='ltr'>oppugnari.</span> <span class='ocrx_word' id='word_1_154' title='bbox 1520 1315 1594 1356; x_wconf 87' lang='lat' dir='ltr'>An</span> <span class='ocrx_word' id='word_1_155' title='bbox 1620 1318 1769 1357; x_wconf 88' lang='lat' dir='ltr'>autem</span> 
     </span>
     <span class='ocr_line' id='line_1_21' title="bbox 31 1386 1769 1443; baseline -0.001 -15"><span class='ocrx_word' id='word_1_156' title='bbox 31 1386 245 1443; x_wconf 89' lang='lat' dir='ltr'>possibile</span> <span class='ocrx_word' id='word_1_157' title='bbox 277 1386 338 1427; x_wconf 84' lang='lat' dir='ltr'>sit</span> <span class='ocrx_word' id='word_1_158' title='bbox 369 1386 602 1427; x_wconf 86' lang='lat' dir='ltr'>infinitum</span> <span class='ocrx_word' id='word_1_159' title='bbox 634 1386 681 1428; x_wconf 88' lang='lat' dir='ltr'>in</span> <span class='ocrx_word' id='word_1_160' title='bbox 704 1386 1001 1442; x_wconf 85' lang='lat' dir='ltr'>qualitatibus</span> <span class='ocrx_word' id='word_1_161' title='bbox 1033 1386 1465 1443; x_wconf 71' lang='lat' dir='ltr'>supernaturalibus,</span> <span class='ocrx_word' id='word_1_162' title='bbox 1491 1403 1515 1428; x_wconf 90' lang='lat' dir='ltr'>a</span> <span class='ocrx_word' id='word_1_163' title='bbox 1537 1386 1769 1442; x_wconf 85' lang='lat' dir='ltr'>Theologo</span> 
     </span>
     <span class='ocr_line' id='line_1_22' title="bbox 31 1457 1309 1513; baseline 0 -14"><span class='ocrx_word' id='word_1_164' title='bbox 31 1457 294 1511; x_wconf 86' lang='lat' dir='ltr'>disseratur,</span> <span class='ocrx_word' id='word_1_165' title='bbox 329 1457 405 1499; x_wconf 86' lang='lat' dir='ltr'>sed</span> <span class='ocrx_word' id='word_1_166' title='bbox 437 1457 486 1499; x_wconf 90' lang='lat' dir='ltr'>in</span> <span class='ocrx_word' id='word_1_167' title='bbox 521 1461 546 1501; x_wconf 80' lang='lat'>2</span> <span class='ocrx_word' id='word_1_168' title='bbox 579 1458 625 1499; x_wconf 91' lang='lat' dir='ltr'>II</span> <span class='ocrx_word' id='word_1_169' title='bbox 658 1473 698 1513; x_wconf 90' lang='lat' dir='ltr'>q.</span> <span class='ocrx_word' id='word_1_170' title='bbox 734 1461 802 1502; x_wconf 77' lang='lat'>24.</span> <span class='ocrx_word' id='word_1_171' title='bbox 836 1475 875 1500; x_wconf 90' lang='lat' dir='ltr'>a.</span> <span class='ocrx_word' id='word_1_172' title='bbox 909 1462 947 1501; x_wconf 83' lang='lat'>7.</span> <span class='ocrx_word' id='word_1_173' title='bbox 981 1457 1309 1499; x_wconf 83' lang='lat' dir='ltr'>tantummodo.</span> 
     </span>
    </p>

    <p class='ocr_par' dir='ltr' id='par_1_14' title="bbox 30 1528 1769 1656">
     <span class='ocr_line' id='line_1_23' title="bbox 172 1528 1769 1584; baseline 0.001 -14"><span class='ocrx_word' id='word_1_174' title='bbox 172 1529 240 1570; x_wconf 91' lang='lat' dir='ltr'>De</span> <span class='ocrx_word' id='word_1_175' title='bbox 271 1528 527 1584; x_wconf 86' lang='lat' dir='ltr'>ubiquitate</span> <span class='ocrx_word' id='word_1_176' title='bbox 558 1528 859 1571; x_wconf 88' lang='lat' dir='ltr'>humanitatis</span> <span class='ocrx_word' id='word_1_177' title='bbox 893 1528 1064 1572; x_wconf 84' lang='lat' dir='ltr'>Christi</span> <span class='ocrx_word' id='word_1_178' title='bbox 1096 1544 1189 1571; x_wconf 90' lang='lat' dir='ltr'>non</span> <span class='ocrx_word' id='word_1_179' title='bbox 1222 1530 1462 1571; x_wconf 83' lang='lat' dir='ltr'>tractetur¹</span> <span class='ocrx_word' id='word_1_180' title='bbox 1494 1530 1579 1584; x_wconf 87' lang='lat' dir='ltr'>hic,</span> <span class='ocrx_word' id='word_1_181' title='bbox 1613 1530 1689 1572; x_wconf 84' lang='lat' dir='ltr'>sed</span> <span class='ocrx_word' id='word_1_182' title='bbox 1720 1531 1769 1571; x_wconf 88' lang='lat' dir='ltr'>in</span> 
     </span>
     <span class='ocr_line' id='line_1_24' title="bbox 30 1601 429 1656; baseline -0.003 -14"><span class='ocrx_word' id='word_1_183' title='bbox 30 1601 115 1642; x_wconf 89' lang='grc' dir='ltr'>ΠΙ.</span> <span class='ocrx_word' id='word_1_184' title='bbox 152 1604 277 1656; x_wconf 84' lang='lat' dir='ltr'>parte</span> <span class='ocrx_word' id='word_1_185' title='bbox 313 1616 353 1655; x_wconf 85' lang='lat' dir='ltr'>q.</span> <span class='ocrx_word' id='word_1_186' title='bbox 388 1604 429 1643; x_wconf 76' lang='lat'>2.</span> 
     </span>
    </p>

    <p class='ocr_par' dir='ltr' id='par_1_15' title="bbox 31 1670 1765 1800">
     <span class='ocr_line' id='line_1_25' title="bbox 172 1670 1765 1726; baseline 0.001 -13"><span class='ocrx_word' id='word_1_187' title='bbox 172 1672 246 1713; x_wconf 89' lang='lat' dir='ltr'>An</span> <span class='ocrx_word' id='word_1_188' title='bbox 277 1670 445 1726; x_wconf 85' lang='lat' dir='ltr'>Angeli</span> <span class='ocrx_word' id='word_1_189' title='bbox 478 1675 522 1713; x_wconf 90' lang='lat' dir='ltr'>et</span> <span class='ocrx_word' id='word_1_190' title='bbox 555 1671 679 1713; x_wconf 83' lang='lat' dir='ltr'>Coeli</span> <span class='ocrx_word' id='word_1_191' title='bbox 711 1671 803 1714; x_wconf 87' lang='lat' dir='ltr'>sint</span> <span class='ocrx_word' id='word_1_192' title='bbox 835 1672 957 1714; x_wconf 82' lang='lat' dir='ltr'>entia</span> <span class='ocrx_word' id='word_1_193' title='bbox 983 1673 1232 1714; x_wconf 85' lang='lat' dir='ltr'>necessaria</span> <span class='ocrx_word' id='word_1_194' title='bbox 1255 1677 1300 1713; x_wconf 90' lang='lat' dir='ltr'>et</span> <span class='ocrx_word' id='word_1_195' title='bbox 1322 1672 1640 1726; x_wconf 86' lang='lat' dir='ltr'>immutabilia,</span> <span class='ocrx_word' id='word_1_196' title='bbox 1673 1688 1765 1714; x_wconf 88' lang='lat' dir='ltr'>non</span> 
     </span>
     <span class='ocr_line' id='line_1_26' title="bbox 31 1742 1056 1800; baseline 0 -16"><span class='ocrx_word' id='word_1_197' title='bbox 31 1748 98 1785; x_wconf 89' lang='lat' dir='ltr'>est</span> <span class='ocrx_word' id='word_1_198' title='bbox 131 1743 332 1799; x_wconf 83' lang='lat' dir='ltr'>quaestio</span> <span class='ocrx_word' id='word_1_199' title='bbox 364 1742 598 1799; x_wconf 85' lang='lat' dir='ltr'>Theologi,</span> <span class='ocrx_word' id='word_1_200' title='bbox 632 1743 707 1785; x_wconf 88' lang='lat' dir='ltr'>sed</span> <span class='ocrx_word' id='word_1_201' title='bbox 739 1743 1056 1800; x_wconf 85' lang='lat' dir='ltr'>Metaphysiei.</span> 
     </span>
    </p>
   </div>
   <div class='ocr_carea' id='block_1_13' title="bbox 173 1814 1891 1871">
    <p class='ocr_par' dir='ltr' id='par_1_16' title="bbox 173 1814 1891 1871">
     <span class='ocr_line' id='line_1_27' title="bbox 173 1814 1891 1871; baseline 0.001 -15"><span class='ocrx_word' id='word_1_202' title='bbox 173 1815 243 1856; x_wconf 91' lang='lat' dir='ltr'>De</span> <span class='ocrx_word' id='word_1_203' title='bbox 275 1829 380 1868; x_wconf 89' lang='lat' dir='ltr'>uno,</span> <span class='ocrx_word' id='word_1_204' title='bbox 413 1818 464 1856; x_wconf 92' lang='lat' dir='ltr'>ut</span> <span class='ocrx_word' id='word_1_205' title='bbox 495 1818 561 1856; x_wconf 92' lang='lat' dir='ltr'>est</span> <span class='ocrx_word' id='word_1_206' title='bbox 591 1815 737 1871; x_wconf 86' lang='lat' dir='ltr'>passio</span> <span class='ocrx_word' id='word_1_207' title='bbox 770 1815 901 1869; x_wconf 89' lang='lat' dir='ltr'>entis,</span> <span class='ocrx_word' id='word_1_208' title='bbox 934 1815 1047 1857; x_wconf 85' lang='lat' dir='ltr'>nihil</span> <span class='ocrx_word' id='word_1_209' title='bbox 1088 1816 1211 1857; x_wconf 87' lang='lat' dir='ltr'>dicat</span> <span class='ocrx_word' id='word_1_210' title='bbox 1242 1814 1523 1870; x_wconf 85' lang='lat' dir='ltr'>Theologus,</span> <span class='ocrx_word' id='word_1_211' title='bbox 1562 1829 1665 1855; x_wconf 88' lang='lat' dir='ltr'>cum</span> <span class='ocrx_word' id='word_1_212' title='bbox 1707 1815 1767 1855; x_wconf 89' lang='lat' dir='ltr'>sit</span> <span class='ocrx_word' id='word_1_213' title='bbox 1885 1852 1891 1857; x_wconf 89' lang='lat'>.</span> 
     </span>
    </p>
   </div>
   <div class='ocr_carea' id='block_1_14' title="bbox 31 1885 457 1942">
    <p class='ocr_par' dir='ltr' id='par_1_17' title="bbox 31 1885 457 1942">
     <span class='ocr_line' id='line_1_28' title="bbox 31 1885 457 1942; baseline 0 -15"><span class='ocrx_word' id='word_1_214' title='bbox 31 1885 345 1942; x_wconf 83' lang='lat' dir='ltr'>metaphysica</span> <span class='ocrx_word' id='word_1_215' title='bbox 375 1901 457 1927; x_wconf 89' lang='lat' dir='ltr'>res.</span> 
     </span>
    </p>
   </div>
   <div class='ocr_carea' id='block_1_15' title="bbox 172 1956 1879 2015">
    <p class='ocr_par' dir='ltr' id='par_1_18' title="bbox 172 1956 1879 2015">
     <span class='ocr_line' id='line_1_29' title="bbox 172 1956 1879 2015; baseline 0 -17"><span class='ocrx_word' id='word_1_216' title='bbox 172 1959 246 1998; x_wconf 91' lang='lat' dir='ltr'>An</span> <span class='ocrx_word' id='word_1_217' title='bbox 277 1961 498 2013; x_wconf 82' lang='lat' dir='ltr'>repugnet</span> <span class='ocrx_word' id='word_1_218' title='bbox 529 1956 577 1998; x_wconf 90' lang='lat' dir='ltr'>in</span> <span class='ocrx_word' id='word_1_219' title='bbox 609 1957 810 2013; x_wconf 82' lang='lat' dir='ltr'>subjecto</span> <span class='ocrx_word' id='word_1_220' title='bbox 844 1964 1013 2013; x_wconf 87' lang='lat' dir='ltr'>quanto</span> <span class='ocrx_word' id='word_1_221' title='bbox 1036 1959 1269 2000; x_wconf 88' lang='lat' dir='ltr'>inhaerere</span> <span class='ocrx_word' id='word_1_222' title='bbox 1291 1958 1497 2000; x_wconf 84' lang='lat' dir='ltr'>accidens</span> <span class='ocrx_word' id='word_1_223' title='bbox 1517 1958 1767 2015; x_wconf 82' lang='lat' dir='ltr'>spirituale,</span> <span class='ocrx_word' id='word_1_224' title='bbox 1818 1984 1831 1999; x_wconf 62' lang='lat' dir='ltr'>a</span> <span class='ocrx_word' id='word_1_225' title='bbox 1866 1977 1879 1998; x_wconf 64' lang='grc' dir='ltr'>ν,</span> 
     </span>
    </p>
   </div>
   <div class='ocr_carea' id='block_1_16' title="bbox 31 2029 1770 2299">
    <p class='ocr_par' dir='ltr' id='par_1_19' title="bbox 31 2029 1770 2144">
     <span class='ocr_line' id='line_1_30' title="bbox 31 2029 1770 2086; baseline -0.001 -15"><span class='ocrx_word' id='word_1_226' title='bbox 31 2029 104 2072; x_wconf 87' lang='lat' dir='ltr'>vel</span> <span class='ocrx_word' id='word_1_227' title='bbox 135 2029 184 2070; x_wconf 90' lang='lat' dir='ltr'>in</span> <span class='ocrx_word' id='word_1_228' title='bbox 216 2029 419 2086; x_wconf 83' lang='lat' dir='ltr'>subjecto</span> <span class='ocrx_word' id='word_1_229' title='bbox 452 2029 743 2071; x_wconf 87' lang='lat' dir='ltr'>immateriali</span> <span class='ocrx_word' id='word_1_230' title='bbox 775 2029 981 2070; x_wconf 86' lang='lat' dir='ltr'>accidens</span> <span class='ocrx_word' id='word_1_231' title='bbox 1013 2030 1256 2086; x_wconf 86' lang='lat' dir='ltr'>corporale,</span> <span class='ocrx_word' id='word_1_232' title='bbox 1290 2030 1523 2072; x_wconf 75' lang='lat' dir='ltr'>differatur</span> <span class='ocrx_word' id='word_1_233' title='bbox 1555 2030 1603 2071; x_wconf 89' lang='lat' dir='ltr'>in</span> <span class='ocrx_word' id='word_1_234' title='bbox 1629 2034 1770 2070; x_wconf 88' lang='lat' dir='ltr'>mate—</span> 
     </span>
     <span class='ocr_line' id='line_1_31' title="bbox 31 2100 566 2144; baseline 0.002 -3"><span class='ocrx_word' id='word_1_235' title='bbox 31 2100 146 2142; x_wconf 89' lang='lat' dir='ltr'>riam</span> <span class='ocrx_word' id='word_1_236' title='bbox 179 2100 233 2141; x_wconf 85' lang='lat' dir='ltr'>de</span> <span class='ocrx_word' id='word_1_237' title='bbox 265 2100 566 2144; x_wconf 86' lang='lat' dir='ltr'>Eucharistia.</span> 
     </span>
    </p>

    <p class='ocr_par' dir='ltr' id='par_1_20' title="bbox 32 2171 1768 2299">
     <span class='ocr_line' id='line_1_32' title="bbox 173 2171 1768 2228; baseline 0.001 -15"><span class='ocrx_word' id='word_1_238' title='bbox 173 2172 385 2213; x_wconf 85' lang='lat' dir='ltr'>Tractare</span> <span class='ocrx_word' id='word_1_239' title='bbox 428 2171 483 2213; x_wconf 86' lang='lat' dir='ltr'>de</span> <span class='ocrx_word' id='word_1_240' title='bbox 521 2171 849 2226; x_wconf 86' lang='lat' dir='ltr'>inaequalitate</span> <span class='ocrx_word' id='word_1_241' title='bbox 886 2172 1207 2228; x_wconf 88' lang='lat' dir='ltr'>praemiorum,</span> <span class='ocrx_word' id='word_1_242' title='bbox 1250 2172 1367 2214; x_wconf 87' lang='lat' dir='ltr'>sicut</span> <span class='ocrx_word' id='word_1_243' title='bbox 1407 2179 1451 2214; x_wconf 81' lang='lat' dir='ltr'>et</span> <span class='ocrx_word' id='word_1_244' title='bbox 1490 2172 1768 2225; x_wconf 87' lang='lat' dir='ltr'>meritorum,</span> 
     </span>
     <span class='ocr_line' id='line_1_33' title="bbox 32 2242 750 2299; baseline 0.001 -15"><span class='ocrx_word' id='word_1_245' title='bbox 32 2244 228 2299; x_wconf 86' lang='lat' dir='ltr'>pertinet</span> <span class='ocrx_word' id='word_1_246' title='bbox 260 2242 317 2285; x_wconf 86' lang='lat' dir='ltr'>ad</span> <span class='ocrx_word' id='word_1_247' title='bbox 352 2247 370 2287; x_wconf 93' lang='lat'>1</span> <span class='ocrx_word' id='word_1_248' title='bbox 409 2244 455 2285; x_wconf 91' lang='grc' dir='ltr'>Π</span> <span class='ocrx_word' id='word_1_249' title='bbox 489 2259 529 2299; x_wconf 84' lang='lat' dir='ltr'>q.</span> <span class='ocrx_word' id='word_1_250' title='bbox 564 2246 604 2287; x_wconf 89' lang='lat'>4.</span> <span class='ocrx_word' id='word_1_251' title='bbox 639 2259 676 2285; x_wconf 91' lang='lat' dir='ltr'>a.</span> <span class='ocrx_word' id='word_1_252' title='bbox 712 2247 750 2287; x_wconf 82' lang='lat'>2.</span> 
     </span>
    </p>
   </div>
   <div class='ocr_carea' id='block_1_17' title="bbox 175 2314 1834 2372">
    <p class='ocr_par' dir='ltr' id='par_1_21' title="bbox 175 2314 1834 2372">
     <span class='ocr_line' id='line_1_34' title="bbox 175 2314 1834 2372; baseline 0 -16"><span class='ocrx_word' id='word_1_253' title='bbox 175 2315 242 2356; x_wconf 91' lang='lat' dir='ltr'>De</span> <span class='ocrx_word' id='word_1_254' title='bbox 286 2315 546 2370; x_wconf 80' lang='lat' dir='ltr'>cognitione</span> <span class='ocrx_word' id='word_1_255' title='bbox 594 2314 800 2356; x_wconf 88' lang='lat' dir='ltr'>beatifica</span> <span class='ocrx_word' id='word_1_256' title='bbox 833 2314 1009 2355; x_wconf 87' lang='lat' dir='ltr'>animae</span> <span class='ocrx_word' id='word_1_257' title='bbox 1044 2315 1213 2356; x_wconf 84' lang='lat' dir='ltr'>Christi</span> <span class='ocrx_word' id='word_1_258' title='bbox 1253 2330 1345 2356; x_wconf 88' lang='lat' dir='ltr'>non</span> <span class='ocrx_word' id='word_1_259' title='bbox 1384 2316 1641 2372; x_wconf 83' lang='lat' dir='ltr'>disputetur</span> <span class='ocrx_word' id='word_1_260' title='bbox 1681 2315 1769 2369; x_wconf 86' lang='lat' dir='ltr'>hic,</span> <span class='ocrx_word' id='word_1_261' title='bbox 1820 2341 1834 2356; x_wconf 61' lang='lat' dir='ltr'>a</span> 
     </span>
    </p>
   </div>
   <div class='ocr_carea' id='block_1_18' title="bbox 34 2385 477 2442">
    <p class='ocr_par' dir='ltr' id='par_1_22' title="bbox 34 2385 477 2442">
     <span class='ocr_line' id='line_1_35' title="bbox 34 2385 477 2442; baseline 0.002 -16"><span class='ocrx_word' id='word_1_262' title='bbox 34 2385 109 2427; x_wconf 85' lang='lat' dir='ltr'>sed</span> <span class='ocrx_word' id='word_1_263' title='bbox 141 2385 189 2426; x_wconf 90' lang='lat' dir='ltr'>in</span> <span class='ocrx_word' id='word_1_264' title='bbox 221 2386 304 2427; x_wconf 88' lang='grc' dir='ltr'>ΠΙ.</span> <span class='ocrx_word' id='word_1_265' title='bbox 337 2391 477 2442; x_wconf 86' lang='lat' dir='ltr'>parte.</span> 
     </span>
    </p>
   </div>
   <div class='ocr_carea' id='block_1_19' title="bbox 178 2457 1894 2514">
    <p class='ocr_par' dir='ltr' id='par_1_23' title="bbox 178 2457 1894 2514">
     <span class='ocr_line' id='line_1_36' title="bbox 178 2457 1894 2514; baseline 0.001 -17"><span class='ocrx_word' id='word_1_266' title='bbox 178 2457 252 2498; x_wconf 91' lang='lat' dir='ltr'>An</span> <span class='ocrx_word' id='word_1_267' title='bbox 290 2471 401 2513; x_wconf 91' lang='lat' dir='ltr'>puro</span> <span class='ocrx_word' id='word_1_268' title='bbox 434 2457 599 2499; x_wconf 86' lang='lat' dir='ltr'>viatori</span> <span class='ocrx_word' id='word_1_269' title='bbox 638 2457 779 2514; x_wconf 83' lang='lat' dir='ltr'>possit</span> <span class='ocrx_word' id='word_1_270' title='bbox 817 2457 1141 2499; x_wconf 84' lang='lat' dir='ltr'>communicari</span> <span class='ocrx_word' id='word_1_271' title='bbox 1180 2458 1365 2500; x_wconf 82' lang='lat' dir='ltr'>evidens</span> <span class='ocrx_word' id='word_1_272' title='bbox 1404 2458 1568 2500; x_wconf 87' lang='lat' dir='ltr'>notitia</span> <span class='ocrx_word' id='word_1_273' title='bbox 1601 2458 1772 2499; x_wconf 86' lang='lat' dir='ltr'>abstra-</span> <span class='ocrx_word' id='word_1_274' title='bbox 1803 2485 1828 2499; x_wconf 53' lang='grc' dir='ltr'>η.</span> <span class='ocrx_word' id='word_1_275' title='bbox 1869 2479 1894 2499; x_wconf 71' lang='lat'>2.</span> 
     </span>
    </p>
   </div>
   <div class='ocr_carea' id='block_1_20' title="bbox 32 2527 1772 2855">
    <p class='ocr_par' dir='ltr' id='par_1_24' title="bbox 32 2527 1772 2855">
     <span class='ocr_line' id='line_1_37' title="bbox 34 2527 1770 2585; baseline 0.001 -17"><span class='ocrx_word' id='word_1_276' title='bbox 34 2527 156 2569; x_wconf 80' lang='lat' dir='ltr'>etiva</span> <span class='ocrx_word' id='word_1_277' title='bbox 176 2527 474 2569; x_wconf 87' lang='lat' dir='ltr'>articulorum</span> <span class='ocrx_word' id='word_1_278' title='bbox 497 2528 616 2582; x_wconf 84' lang='lat' dir='ltr'>fidei,</span> <span class='ocrx_word' id='word_1_279' title='bbox 637 2543 729 2570; x_wconf 91' lang='lat' dir='ltr'>non</span> <span class='ocrx_word' id='word_1_280' title='bbox 747 2528 820 2569; x_wconf 90' lang='lat' dir='ltr'>hic</span> <span class='ocrx_word' id='word_1_281' title='bbox 834 2528 1159 2584; x_wconf 81' lang='lat' dir='ltr'>disputandum</span> <span class='ocrx_word' id='word_1_282' title='bbox 1181 2533 1259 2582; x_wconf 87' lang='lat' dir='ltr'>est,</span> <span class='ocrx_word' id='word_1_283' title='bbox 1281 2529 1357 2570; x_wconf 87' lang='lat' dir='ltr'>sed</span> <span class='ocrx_word' id='word_1_284' title='bbox 1380 2544 1515 2585; x_wconf 87' lang='lat' dir='ltr'>supra</span> <span class='ocrx_word' id='word_1_285' title='bbox 1538 2544 1579 2584; x_wconf 88' lang='lat' dir='ltr'>q.</span> <span class='ocrx_word' id='word_1_286' title='bbox 1605 2532 1643 2573; x_wconf 86' lang='lat'>1.</span> <span class='ocrx_word' id='word_1_287' title='bbox 1666 2544 1704 2569; x_wconf 89' lang='lat' dir='ltr'>a.</span> <span class='ocrx_word' id='word_1_288' title='bbox 1733 2533 1770 2571; x_wconf 84' lang='lat'>1.</span> 
     </span>
     <span class='ocr_line' id='line_1_38' title="bbox 175 2598 1768 2656; baseline 0 -16"><span class='ocrx_word' id='word_1_289' title='bbox 175 2599 243 2640; x_wconf 89' lang='lat' dir='ltr'>De</span> <span class='ocrx_word' id='word_1_290' title='bbox 276 2598 567 2641; x_wconf 82' lang='lat' dir='ltr'>distinctione</span> <span class='ocrx_word' id='word_1_291' title='bbox 599 2598 922 2641; x_wconf 85' lang='lat' dir='ltr'>attributorum</span> <span class='ocrx_word' id='word_1_292' title='bbox 956 2605 1000 2641; x_wconf 90' lang='lat' dir='ltr'>et</span> <span class='ocrx_word' id='word_1_293' title='bbox 1031 2600 1248 2642; x_wconf 84' lang='lat' dir='ltr'>essentiae</span> <span class='ocrx_word' id='word_1_294' title='bbox 1280 2599 1398 2641; x_wconf 88' lang='lat' dir='ltr'>nihil</span> <span class='ocrx_word' id='word_1_295' title='bbox 1432 2600 1505 2642; x_wconf 88' lang='lat' dir='ltr'>hic</span> <span class='ocrx_word' id='word_1_296' title='bbox 1526 2604 1768 2656; x_wconf 88' lang='lat' dir='ltr'>repetatur,</span> 
     </span>
     <span class='ocr_line' id='line_1_39' title="bbox 36 2670 1017 2727; baseline 0.001 -16"><span class='ocrx_word' id='word_1_297' title='bbox 36 2670 114 2711; x_wconf 86' lang='lat' dir='ltr'>sed</span> <span class='ocrx_word' id='word_1_298' title='bbox 147 2670 201 2711; x_wconf 87' lang='lat' dir='ltr'>de</span> <span class='ocrx_word' id='word_1_299' title='bbox 236 2686 287 2712; x_wconf 90' lang='lat' dir='ltr'>ea</span> <span class='ocrx_word' id='word_1_300' title='bbox 320 2685 454 2726; x_wconf 88' lang='lat' dir='ltr'>supra</span> <span class='ocrx_word' id='word_1_301' title='bbox 487 2670 770 2727; x_wconf 85' lang='lat' dir='ltr'>disputatum</span> <span class='ocrx_word' id='word_1_302' title='bbox 803 2676 870 2712; x_wconf 88' lang='lat' dir='ltr'>est</span> <span class='ocrx_word' id='word_1_303' title='bbox 902 2687 943 2726; x_wconf 84' lang='lat' dir='ltr'>q.</span> <span class='ocrx_word' id='word_1_304' title='bbox 978 2675 1017 2714; x_wconf 83' lang='lat'>3.</span> 
     </span>
     <span class='ocr_line' id='line_1_40' title="bbox 175 2741 1772 2798; baseline -0.001 -15"><span class='ocrx_word' id='word_1_305' title='bbox 175 2742 278 2783; x_wconf 89' lang='lat' dir='ltr'>Non</span> <span class='ocrx_word' id='word_1_306' title='bbox 316 2741 571 2797; x_wconf 81' lang='lat' dir='ltr'>disputetur</span> <span class='ocrx_word' id='word_1_307' title='bbox 612 2742 665 2783; x_wconf 82' lang='lat' dir='ltr'>de</span> <span class='ocrx_word' id='word_1_308' title='bbox 696 2742 907 2798; x_wconf 86' lang='lat' dir='ltr'>analogia</span> <span class='ocrx_word' id='word_1_309' title='bbox 940 2742 1074 2796; x_wconf 84' lang='lat' dir='ltr'>entis,</span> <span class='ocrx_word' id='word_1_310' title='bbox 1109 2757 1211 2783; x_wconf 88' lang='lat' dir='ltr'>cum</span> <span class='ocrx_word' id='word_1_311' title='bbox 1244 2747 1413 2798; x_wconf 86' lang='lat' dir='ltr'>spectet</span> <span class='ocrx_word' id='word_1_312' title='bbox 1445 2742 1502 2783; x_wconf 85' lang='lat' dir='ltr'>ad</span> <span class='ocrx_word' id='word_1_313' title='bbox 1534 2741 1772 2798; x_wconf 84' lang='lat' dir='ltr'>Metaphy-</span> 
     </span>
     <span class='ocr_line' id='line_1_41' title="bbox 32 2826 186 2855; baseline 0.019 -3"><span class='ocrx_word' id='word_1_314' title='bbox 32 2826 186 2855; x_wconf 79' lang='lat' dir='ltr'>sicum.</span> 
     </span>
    </p>
   </div>
   <div class='ocr_carea' id='block_1_21' title="bbox 176 2883 1833 2940">
    <p class='ocr_par' dir='ltr' id='par_1_25' title="bbox 176 2883 1833 2940">
     <span class='ocr_line' id='line_1_42' title="bbox 176 2883 1833 2940; baseline -0.002 -15"><span class='ocrx_word' id='word_1_315' title='bbox 176 2883 303 2925; x_wconf 88' lang='lat' dir='ltr'>Nihil</span> <span class='ocrx_word' id='word_1_316' title='bbox 334 2883 409 2924; x_wconf 90' lang='lat' dir='ltr'>hic</span> <span class='ocrx_word' id='word_1_317' title='bbox 443 2883 620 2925; x_wconf 81' lang='lat' dir='ltr'>dicatur</span> <span class='ocrx_word' id='word_1_318' title='bbox 658 2884 711 2926; x_wconf 87' lang='lat' dir='ltr'>de</span> <span class='ocrx_word' id='word_1_319' title='bbox 742 2884 1039 2926; x_wconf 85' lang='lat' dir='ltr'>relationibus</span> <span class='ocrx_word' id='word_1_320' title='bbox 1060 2884 1108 2925; x_wconf 90' lang='lat' dir='ltr'>in</span> <span class='ocrx_word' id='word_1_321' title='bbox 1136 2899 1312 2939; x_wconf 84' lang='lat' dir='ltr'>genere,</span> <span class='ocrx_word' id='word_1_322' title='bbox 1346 2899 1448 2926; x_wconf 87' lang='lat' dir='ltr'>cum</span> <span class='ocrx_word' id='word_1_323' title='bbox 1470 2884 1516 2926; x_wconf 82' lang='lat' dir='ltr'>id</span> <span class='ocrx_word' id='word_1_324' title='bbox 1538 2883 1772 2940; x_wconf 85' lang='lat' dir='ltr'>metaphy-</span> <span class='ocrx_word' id='word_1_325' title='bbox 1818 2907 1833 2922; x_wconf 60' lang='lat' dir='ltr'>a</span> 
     </span>
    </p>
   </div>
   <div class='ocr_carea' id='block_1_22' title="bbox 33 2953 601 3011">
    <p class='ocr_par' dir='ltr' id='par_1_26' title="bbox 33 2953 601 3011">
     <span class='ocr_line' id='line_1_43' title="bbox 33 2953 601 3011; baseline 0 -16"><span class='ocrx_word' id='word_1_326' title='bbox 33 2954 148 2996; x_wconf 86' lang='lat' dir='ltr'>sicae</span> <span class='ocrx_word' id='word_1_327' title='bbox 180 2953 499 3011; x_wconf 86' lang='lat' dir='ltr'>speculationis</span> <span class='ocrx_word' id='word_1_328' title='bbox 531 2954 601 2996; x_wconf 89' lang='lat' dir='ltr'>sit.</span> 
     </span>
    </p>
   </div>
   <div class='ocr_carea' id='block_1_23' title="bbox 180 3108 618 3153">
    <p class='ocr_par' dir='ltr' id='par_1_27' title="bbox 180 3108 618 3153">
     <span class='ocr_line' id='line_1_44' title="bbox 180 3108 618 3153; baseline 0 -11"><span class='ocrx_word' id='word_1_329' title='bbox 180 3108 191 3127; x_wconf 82' lang='lat'><strong>¹</strong></span> <span class='ocrx_word' id='word_1_330' title='bbox 222 3118 275 3152; x_wconf 85' lang='lat' dir='ltr'>pr.</span> <span class='ocrx_word' id='word_1_331' title='bbox 301 3111 340 3143; x_wconf 85' lang='lat' dir='ltr'>et</span> <span class='ocrx_word' id='word_1_332' title='bbox 364 3118 399 3142; x_wconf 90' lang='lat' dir='ltr'>n.</span> <span class='ocrx_word' id='word_1_333' title='bbox 427 3111 618 3153; x_wconf 82' lang='lat' dir='ltr'>„agatur“.</span> 
     </span>
    </p>
   </div>
   <div class='ocr_carea' id='block_1_24' title="bbox 1782 2618 1928 2643">
    <p class='ocr_par' dir='ltr' id='par_1_28' title="bbox 1782 2618 1928 2643">
     <span class='ocr_line' id='line_1_45' title="bbox 1782 2618 1928 2643; baseline -0.014 0"><span class='ocrx_word' id='word_1_334' title='bbox 1782 2618 1928 2643; x_wconf 47' lang='lat' dir='ltr'>omae</span> 
     </span>
    </p>
   </div>
   <div class='ocr_carea' id='block_1_25' title="bbox 1885 1120 1959 1144">
    <p class='ocr_par' dir='ltr' id='par_1_29' title="bbox 1885 1120 1959 1144">
     <span class='ocr_line' id='line_1_46' title="bbox 1885 1120 1959 1144; baseline 0 0"><span class='ocrx_word' id='word_1_335' title='bbox 1885 1121 1911 1144; x_wconf 71' lang='grc'>3.</span> <span class='ocrx_word' id='word_1_336' title='bbox 1933 1120 1959 1144; x_wconf 76' lang='grc'>4.</span> 
     </span>
    </p>
   </div>
   <div class='ocr_carea' id='block_1_26' title="bbox 1939 2624 1981 2647">
    <p class='ocr_par' dir='ltr' id='par_1_30' title="bbox 1939 2624 1981 2647">
     <span class='ocr_line' id='line_1_47' title="bbox 1939 2624 1981 2647; baseline 0 -6"><span class='ocrx_word' id='word_1_337' title='bbox 1939 2624 1981 2647; x_wconf 60' lang='lat'>8¹4·</span> 
     </span>
    </p>
   </div>
  </div>
 </body>
</html>
