2148 3402
258 157 418 202 Eingeh.
445 157 689 201 Beurteilung
715 155 778 191 der
803 156 844 190 R.
873 159 919 191 st.
945 165 979 190 u.
1008 155 1225 190 Antworten
1251 155 1315 190 (les

160 280 204 318 et
242 275 453 319 monachi
500 290 629 332 saepe
677 274 985 331 impediuntur
1026 274 1168 328 domi,
1218 274 1317 329 qui}¹

38 376 63 398 μ.
80 366 138 392 133.
158 362 250 390 non
288 351 476 404 possunt
520 345 718 401 excludi,
759 345 864 401 quia
893 346 897 401 Ι
925 359 1003 401 per
1043 344 1163 400 ipsos
1202 350 1314 405 nonJ

159 422 262 473 stat,
294 422 346 460 vt
386 418 478 459 sint
515 416 851 473 frequentiores.
903 415 1099 459 Uidctur
1134 415 1314 470 regula?

157 503 249 531 non
282 489 335 531 de
367 488 587 530 eiusmodi
618 487 819 545 personis
841 487 981 543 loqui,
1015 486 1091 528 sed
1123 485 1178 527 de
1210 499 1313 527 uo-i

159 560 355 602 luntarie
386 559 727 616 negligentibus
759 558 946 600 scholas.

300 776 371 817 42.
423 772 556 815 Iubet
578 772 699 826 haec,
722 775 775 814 vt
796 770 1129 813 confessionum
1159 784 1292 812 causa

158 844 276 887 nihil
311 844 359 886 in
399 843 562 886 scholis
602 843 655 884 de
695 842 920 884 exercitiis
951 839 1184 883 litterariis
1222 855 1312 882 res

158 916 379 958 mittatur.
441 914 652 956 Difficilis
691 918 757 955 est
796 913 975 968 regula,
1016 912 1092 953 sed
1138 916 1312 954 tamen*

157 987 332 1029 ratione
376 985 562 1028 minime
607 988 740 1026 caret.
804 983 943 1037 Quia,
988 983 1025 1025 si
1065 983 1312 1042 remittere³

158 1058 349 1102 velimus
380 1056 611 1114 discipulis
651 1055 843 1111 aliquid,
883 1054 1034 1111 potius
1079 1069 1154 1096 eos
1193 1055 1312 1122 red-{

159 1129 305 1171 dimus
337 1127 690 1184 negligentiores
720 1126 858 1179 forte,
894 1140 1030 1181 quam
1064 1126 1121 1167 ad
1152 1126 1312 1183 pieta-31

157 1205 247 1242 tem
287 1198 596 1257 promptiores,
636 1202 693 1252 et,
729 1211 831 1239 cum
869 1196 1168 1239 confessiones
1199 1190 1312 1251 sin-³,

157 1271 276 1328 gulis
308 1270 539 1313 mensibus
569 1273 818 1322 recurrant,
859 1268 1040 1310 uidetur
1069 1283 1162 1309 non
1195 1269 1311 1321 sine¹

158 1343 322 1385 damno
355 1342 506 1397 aliquo
528 1341 784 1382 litterarum
804 1339 1023 1393 futurum⁷
1057 1340 1095 1381 si
1118 1355 1312 1396 semperk

157 1414 249 1456 illis
281 1412 455 1469 aliquid
488 1412 546 1453 sit
578 1411 914 1453 remittendum.
979 1410 1028 1453 Si
1059 1425 1150 1453 Vna
1181 1411 1312 1464 hora}

157 1489 337 1543 possent
369 1483 568 1540 expediri
601 1483 903 1525 confessiones
936 1481 1073 1537 (quod
1104 1468 1312 1523 fortasse*

157 1557 296 1610 fieret,
329 1555 367 1597 si
388 1554 660 1598 Confessarii
680 1558 826 1595 essent
848 1553 1103 1608 diligenteS,
1126 1556 1171 1593 et
1203 1552 1291 1594 sibi

158 1631 316 1670 mutuo
354 1627 506 1668 fideles
544 1626 712 1667 ferrent
748 1624 1011 1681 suppetias),
1053 1628 1166 1665 esset
1199 1639 1291 1665 non

158 1699 238 1740 abs
270 1714 316 1740 re
337 1698 548 1740 Vltimam
567 1696 726 1739 horam
750 1696 918 1738 donare
935 1695 1150 1737 fortassis.
1201 1695 1290 1736 Sed

157 1769 289 1812 nobis
322 1769 516 1812 occurrit
546 1769 656 1810 haec
686 1767 924 1821 limitatio,
968 1770 1017 1808 vt
1049 1763 1313 1828 iubeantur}

158 1841 370 1898 discipuli
417 1841 550 1883 domo
597 1839 751 1881 uenire
794 1838 963 1895 parati,
1006 1842 1050 1878 et
1089 1841 1141 1879 vt
1178 1838 1290 1878 tales

158 1914 455 1955 confessiones
486 1911 749 1953 reiiciantur
785 1910 834 1951 in
866 1910 961 1951 dies
991 1909 1212 1965 profestos
1247 1913 1312 1951 et³

157 1984 368 2026 sabbathi
399 1998 424 2024 a
454 1982 658 2039 prandio.
712 1981 885 2030 Quibus
917 1980 1085 2035 alioqui
1118 1981 1312 2036 aliquid}

157 2055 271 2097 sacri
309 2053 471 2111 exponi
515 2053 638 2096 solet.
705 2051 836 2101 Quod
875 2051 970 2092 sine
1009 2051 1184 2093 iactura
1215 2052 1290 2092 uel
1311 2075 1312 2080 =

158 2126 309 2168 omitti
324 2128 487 2182 potest,
510 2124 582 2165 uel
599 2126 665 2164 est
683 2122 878 2164 alienum
897 2137 922 2163 a
939 2122 1216 2178 praeparatis
1234 2122 1291 2162 ad

158 2197 503 2245 confessionem
520 2195 596 2236 sed
620 2193 955 2250 expeditissima
978 2192 1094 2234 ratio
1113 2208 1205 2233 esse
1225 2193 1291 2234 ui-

158 2267 302 2321 detur,
321 2271 372 2309 vt
386 2266 670 2322 relinquatur
684 2264 851 2308 iudicio
869 2266 919 2306 P.
932 2263 1232 2306 Prouincialis
1244 2263 1291 2304 in

158 2337 522 2391 Visitationibus,
556 2337 645 2393 qui,
680 2336 847 2379 auditis
880 2336 1223 2378 Consultoribus
1248 2340 1292 2376 et

158 2410 352 2451 Rectore
375 2408 590 2464 cuiusque
609 2408 815 2464 Collegii,
848 2407 1015 2464 poterit
1031 2422 1168 2462 quam
1189 2421 1291 2447 con-

161 2479 545 2523 venientissimam
560 2479 783 2522 rationem
801 2479 960 2534 cuique
977 2478 1290 2535 praescribere.

197 2601 339 2650 Circa
376 2600 570 2662 regulas
609 2600 908 2649 Professoris
948 2599 1250 2647 Rhetorices.

992 2693 1116 2734 Haec
1167 2678 1311 2747 prae-l

306 2696 371 2737 15.
435 2692 534 2733 Die
585 2693 924 2735 Uacationis.

161 2764 319 2806 scribit
350 2763 555 2816 Rhetori,
587 2768 639 2805 Vt
661 2763 709 2803 in
731 2763 802 2805 die
823 2763 1090 2817 uacationis,
1123 2763 1195 2804 uel
1216 2777 1290 2803 ex·
1309 2738 1311 2817 i

160 2835 351 2892 plicetur
381 2833 644 2887 historicus,
685 2834 757 2875 uel
790 2834 961 2890 aliquid
993 2834 1050 2875 ad
1081 2833 1293 2875 eruditio-

161 2921 265 2948 nem
314 2905 562 2962 pertinenS,
625 2905 838 2960 supponit
887 2910 1036 2947 autem
1088 2903 1291 2959 regulam

162 2976 464 3019 Prouincialis
487 2978 556 3020 37,
589 2979 628 3028 ξ.
666 2978 756 3028 11.‚
795 2976 873 3017 vbi
906 2976 1086 3018 iubetur
1118 2975 1293 3016 Rhetor

164 3062 294 3089 mane
333 3046 480 3103 legere
517 3061 596 3103 per
633 3046 791 3088 horam
838 3062 940 3089 cum
981 3046 1171 3088 dimidia
1209 3041 1312 3102 hoc}

1342 155 1380 190 P.
1396 155 1596 199 Aquaviva.
1626 156 1753 199 1602]ss
1812 145 1895 187 501

1336 275 1576 329 quominus
1615 273 1791 315 scholas
1831 289 1898 315 as-

1334 346 1461 387 sidue
1508 346 1808 401 frequentent.
1844 372 1897 376 ’-

1333 416 1388 457 R.
1446 417 1586 458 Recte
1649 417 1899 459 iudicatum

1332 489 1416 540 est,
1469 487 1523 528 de
1575 488 1666 542 his,
1714 487 1793 543 qui
1843 488 1899 529 ab

1333 557 1479 599 alieno
1489 558 1675 601 arbitrio
1686 559 1899 615 pendent,

1332 628 1539 684 regulam
1601 644 1693 671 non
1759 631 1898 686 loqui.

1334 699 1492 755 (Ibid.)

1422 770 1503 812 Ad
1535 773 1614 814 42.
1678 772 1741 814 Vt
1765 772 1900 813 relin-

1332 845 1497 898 quatur
1515 841 1684 884 iudicio
1707 843 1899 884 Prouin-

1331 913 1470 967 cialis,
1487 928 1575 969 qua
1588 913 1765 955 ratione
1778 913 1901 954 scho-

1332 984 1483 1026 lastici
1497 983 1555 1025 ad
1573 984 1899 1026 confessionem

1332 1060 1610 1097 menstruam
1656 1055 1781 1097 mitti
1828 1056 1901 1097 de-

1332 1127 1483 1169 beant.
1505 1154 1557 1158 w
1576 1127 1632 1169 R.
1662 1127 1831 1180 Placet,
1849 1132 1900 1169 vt

1377 1198 1856 1241 conuenientissimam

1331 1269 1494 1325 cuique
1538 1269 1636 1311 loco
1676 1269 1899 1310 rationem

1330 1341 1618 1397 praescribat.
1685 1340 1837 1393 (Ibid.)

1420 2692 1498 2733 Ad
1538 2695 1606 2736 15.
1656 2692 1727 2733 die
1759 2704 1897 2732 recre-

1330 2761 1506 2803 ationis.
1561 2763 1691 2812 Quod
1724 2762 1896 2803 Rhetor

1328 2832 1377 2873 in
1424 2833 1581 2875 multis
1632 2833 1897 2875 Prouinciae

1331 2903 1545 2958 Collegiis
1608 2908 1737 2944 uacet
1799 2908 1895 2945 toto

1330 2974 1414 3015 die.
1469 3000 1515 3003 —-
1574 2974 1630 3015 R.
1684 2974 1898 3015 Seruetur

1330 3045 1497 3100 Vbique
1528 3044 1705 3099 regula,
1739 3050 1791 3086 vt
1823 3060 1896 3086 ex-
