2143 3462
368 189 456 232 300
558 200 670 236 Ratio
701 202 904 238 studiorum
931 207 968 238 et
993 203 1249 240 institutiones
1276 204 1517 241 scholasticae
1544 205 1742 242 Societatis
1769 207 1858 243 Jesu
1882 209 1921 243 II

83 316 212 348 Linguae
223 318 348 348 peregri·
511 318 541 364 5

102 352 177 377 nitas
198 353 348 377 industria
546 353 553 360 '

145 389 314 413 mollienda.

619 320 690 361 Ita
713 320 921 377 denique¹
959 337 1004 364 se
1025 327 1154 378 gerat
1176 324 1225 365 in
1247 323 1466 378 docendo,
1500 328 1552 366 ut
1573 326 1870 382 peregrinitas
1901 331 1945 369 et
1977 343 2099 385 aspe-

371 389 482 431 ritas
522 405 586 444 ea,
630 406 718 446 qua
750 393 983 434 nonnullis
1022 393 1206 449 linguae
1243 393 1378 449 hujus
1419 395 1619 438 studium
1659 397 1864 439 laborare
1903 398 2098 454 videtur,

365 476 444 502 sua
475 461 700 504 industria
731 462 942 506 leniatur.

1007 536 1195 596 Οζξζξῇξξῖζῇη,
1343 535 1389 581 6.
1424 537 1617 579 Studeat
1633 537 1828 593 denique
1842 539 2101 595 adjumenta

1013 608 1187 637 ²¹dj¹¹¹¹¹e¹¹ffl
1254 622 1465 662 quaerere
1504 623 1558 650 ex
1598 609 1698 650 aliis
1741 610 1910 665 linguis
1958 611 2101 653 orien—

1252 678 1442 732 talibUS,
1475 679 1638 735 quibus
1679 681 1881 736 cognitio
1917 681 2100 737 linguae

1251 749 1467 791 hebraeae
1498 750 1653 807 perfici
1683 752 1838 807 possit.

511 937 726 999 Regulae
765 938 1065 988 professoris
1395 941 1612 1003 Regulac
1651 942 1953 992 Professoris

387 1018 793 1083 Scholasticae
839 1019 1211 1100 Theologiae.
1475 1022 1846 1102 Theologiae.

251 1150 342 1174 ΡΜ·
507 1149 545 1195 l.
611 1150 691 1192 Sui
712 1151 908 1192 muneris
928 1166 1020 1193 esse
1040 1152 1285 1208 intelligat,
1307 1153 1497 1196 solidam
1518 1153 1780 1210 disputandi
1801 1154 2102 1196 subtilitatem

364 1221 431 1263 ita
463 1236 565 1263 cum
587 1222 841 1264 orthodoxa
863 1222 950 1264 fide
984 1238 1035 1265 ac
1058 1223 1226 1279 pietate
1250 1224 1535 1280 conjungere,
1567 1229 1619 1267 ut
1649 1225 1754 1267 huic
1774 1225 1823 1267 in
1844 1225 2001 1282 primis
2023 1225 2103 1268 illa

363 1292 599 1335 deserviat.

150 1364 326 1431 {gqffi‘sgssjgff
507 1364 550 1411 2.
616 1365 873 1421 Sequantur
904 1366 1047 1408 nostri
1078 1368 1262 1409 omnino
1294 1367 1342 1409 in
1374 1367 1642 1409 scholastica
1663 1367 1911 1422 Theologia
1940 1367 2103 1409 doctri-

363 1451 469 1478 nam
503 1438 547 1479 S.
581 1437 779 1479 Thomae
813 1453 1002 1493 eumque
1032 1443 1083 1479 ut
1102 1438 1345 1480 Doctorem
1371 1438 1601 1495 proprium
1625 1439 1822 1481 habeant
1841 1443 2102 1496 ponantque

363 1509 411 1549 in
444 1523 494 1550 eo
528 1523 706 1550 omnem
740 1524 934 1566 operam,
967 1515 1019 1551 ut
1052 1509 1278 1551 auditores
1310 1525 1416 1564 erga
1446 1511 1576 1552 illum
1609 1526 1743 1566 quam
1773 1510 1941 1567 optime
1964 1510 2101 1553 affici-

363 1584 510 1621 antur.
558 1580 659 1622 Non
693 1581 756 1622 sic
788 1585 942 1623 tamen
963 1582 1007 1624 S.
1030 1581 1230 1623 Thomae
1248 1581 1454 1623 adstricti
1476 1597 1567 1623 esse
1587 1581 1748 1624 debere
1768 1581 2100 1637 intelligantur,

361 1655 414 1693 ut
444 1652 571 1693 nulla
601 1667 783 1709 prorsus
813 1653 862 1694 in
893 1668 940 1694 re
974 1653 1029 1694 ab
1062 1668 1112 1694 60
1144 1652 1345 1694 recedere
1376 1652 1530 1706 liceat,
1571 1667 1670 1695 cum
1710 1653 1781 1694 illi
1812 1653 1913 1709 ipsi,
1946 1652 2025 1708 qui
2057 1668 2101 1694 se

362 1721 619 1764 Thomistas
639 1724 836 1766 maxime
858 1725 1142 1781 profitentur,
1166 1723 1411 1779 aliquando
1435 1724 1490 1765 ab
1514 1739 1564 1766 60
1586 1724 1812 1778 recedant,
1831 1739 1914 1765 nec
1934 1724 2101 1766 arctius

361 1797 538 1835 nostros
570 1795 619 1837 8⁴3
654 1795 852 1837 Thomae
886 1796 1065 1851 alligari
1097 1810 1178 1852 par
1209 1795 1280 1850 sit,
1314 1810 1450 1851 quam
1470 1795 1726 1837 Thomistas
1746 1795 1879 1852 ipsos.
1928 1796 2100 1851 (Const.

365 1881 408 1921 p.
442 1869 483 1909 4.
517 1881 551 1907 c.
586 1870 652 1910 14.
687 1882 730 1908 n.
768 1871 805 1910 1.
841 1872 885 1908 et
917 1870 956 1911 5.
995 1893 1045 1899 —
1080 1867 1243 1922 Congr.
1277 1867 1332 1909 V.
1366 1881 1462 1908 can.
1496 1869 1536 1910 9.
1570 1872 1613 1907 et
1645 1865 1759 1909 decr.
1793 1868 1862 1910 55.
1897 1866 1984 1921 72.)

514 1937 558 1983 3.
611 1939 734 1994 Ergo
757 1938 811 1979 de
832 1938 1137 1994 Conceptione
1160 1938 1211 1979 B.
1341 1936 1384 1983 3.
1449 1938 1570 1992 Ergo
1613 1937 1666 1978 de
1706 1937 2008 1993 Conceptione
2047 1937 2100 1978 B.

365 2009 535 2050 Mariae
557 2024 609 2051 ac
624 2009 677 2050 de
695 2009 984 2052 solemnitate
1000 2014 1213 2051 votorum
1252 2009 1420 2050 Mariae
1439 2023 1489 2050 ac
1507 2008 1561 2050 de
1585 2008 1871 2050 solemnitate
1892 2013 2101 2050 votorum

365 2084 612 2135 sequantur
631 2080 915 2133 sententiam,
941 2096 1054 2136 quae
1068 2081 1213 2135 magis
1231 2059 1233 2154 Ι
1252 2080 1499 2122 defendant
1514 2080 1783 2121 sententiam
1800 2078 1886 2121 hoc
1901 2083 2102 2135 tempore

364 2149 448 2192 hoc
468 2155 668 2208 tempore
690 2152 941 2193 communis
964 2156 1029 2193 est
1049 2152 1214 2208 magis-
1231 2158 1233 2216 i
1253 2151 1551 2193 communiter
1568 2152 1617 2192 in
1634 2150 1835 2192 Ecclesia
1851 2154 2099 2207 receptam:

364 2237 448 2276 que
481 2227 659 2279 recepta
691 2223 811 2279 apud
845 2223 1121 2279 Theologos3
1230 2224 1234 2280 1

364 2302 407 2334 et
448 2294 495 2335 in
538 2294 881 2349 quaestionibus
921 2310 1039 2336 mere
1080 2294 1406 2351 philosophicis
1438 2298 1517 2335 aut
1547 2294 1685 2335 etiam
1718 2293 1765 2334 in
1799 2292 1866 2347 iis,
1901 2307 2013 2347 qnae
2046 2292 2103 2333 acl

365 2365 622 2421 Scripturas
657 2371 702 2407 et
735 2366 942 2407 Canones
974 2365 1216 2422 pertinent,
1250 2365 1405 2407 licebit
1437 2364 1563 2419 sequi
1595 2364 1733 2405 etiam
1766 2363 1890 2418 alios,
1921 2363 1999 2418 qui
2030 2378 2102 2404 eas

364 2436 600 2478 facultates
631 2438 778 2491 magis
798 2453 851 2479 ex
872 2437 1071 2494 professo
1096 2440 1419 2479 tractaverunt.
1469 2436 1647 2490 (Congr.
1665 2436 1720 2480 V.
1755 2435 1871 2477 decr.
1893 2437 1946 2478 41
1979 2449 2021 2476 n.
2045 2437 2100 2488 l.;

366 2507 480 2548 decr.
513 2511 583 2551 56.
616 2523 658 2549 n.
693 2511 751 2561 3.)

158 2577 315 2636 ¹}}„‘¹,‚''‘'},¹ssss„
514 2579 558 2624 4.
623 2579 671 2621 Si
704 2580 881 2634 quando
916 2580 988 2622 vel
1022 2580 1237 2635 ambigua
1268 2578 1407 2620 fuerit
1440 2578 1485 2620 S.
1519 2578 1719 2620 Thomae
1760 2577 1998 2631 sententia,
2030 2576 2103 2618 vel

137 2649 345 2707 ΡΜῇζξξρυἽΜ
368 2648 414 2689 111
454 2649 508 2689 iis
546 2651 904 2706 quaestionibus,
947 2667 1056 2707 quas
1095 2652 1139 2693 S.
1170 2650 1368 2691 Thomas
1405 2650 1521 2691 forte
1559 2665 1650 2691 non
1682 2647 1853 2703 attigit,
1886 2648 2102 2689 Doctores
2132 2695 2133 2699 Ἰ

367 2719 593 2761 Catholici
629 2721 749 2762 inter
787 2738 831 2763 se
869 2736 961 2763 non
1004 2721 1334 2775 consenserint,
1381 2721 1539 2762 licebit
1577 2734 1891 2776 quamcunque
1930 2724 2100 2775 partem

367 2790 505 2846 sequi,
537 2795 588 2832 ut
620 2791 791 2833 dictum
823 2797 890 2834 est
921 2793 969 2834 in
1001 2791 1168 2848 regulis
1201 2792 1530 2847 communibus,
1563 2807 1654 2847 reg.
1689 2793 1728 2835 5.

160 1935 231 1959 Cum
254 1943 309 1967 qna

144 1972 325 2002 exceptione.

2139 2838 2143 2855 l

130 2862 346 2928 pielFass'gssrffiffi
510 2861 554 2907 5.
618 2862 672 2902 In
704 2863 904 2904 docendo
944 2863 1298 2905 corroborandae
1337 2864 1533 2919 primum
1571 2862 1676 2904 fidei
1708 2862 1979 2916 alendaeque
2009 2860 2101 2917 pie·
2132 2860 2143 2923 ,3

367 2933 476 2974 tatis
508 2948 614 2974 cura
646 2932 878 2975 lial;›eatur.
943 2934 1091 2983 Quare
1123 2934 1171 2975 in
1202 2934 1258 2975 iis
1291 2933 1651 2989 quaestionibus,
1685 2948 1797 2989 quas
1831 2933 1874 2974 S.
1907 2932 2101 2974 Thomas

367 3019 419 3045 ex
452 3004 651 3060 professo
675 3018 766 3046 non
787 3010 970 3058 tractat,
1002 3020 1132 3047 nemo
1154 3005 1396 3060 quicquam
1416 3005 1585 3060 doceat,
1617 3004 1738 3061 quod
1755 3019 1856 3046 cum
1874 3002 2100 3046 Ecclesiae

514 3112 524 3133 ¹
554 3112 642 3146 1832
670 3121 736 3145 om.
768 3111 980 3155 ‚,denique‘⁴‚
1008 3111 1094 3153 quia
1121 3111 1284 3155 sequitur
1310 3122 1343 3147 u.
1371 3113 1403 3146 6.
