2153 3467
360 195 446 239 366
546 203 655 241 Ratio
682 201 884 242 studiorum
912 209 950 243 et
974 204 1229 244 institutiones
1255 204 1493 242 scholasticae
1520 204 1717 243 Societatis
1742 207 1831 243 Jesu
1856 205 1894 243 II

360 325 548 380 legibus,
581 340 695 380 quae
726 325 775 367 in
796 325 884 367 fine
915 326 1020 367 libri
1039 326 1205 367 haben·
1243 339 1344 366 cum
1390 324 1569 381 prodire
1615 325 1800 380 debent,
1847 327 2086 379 examinet,

359 400 446 449 tur,
468 395 664 438 vicissim
682 396 980 452 praelegatur,
1004 396 1205 451 aliaeque
1243 399 1486 451 antequam
1508 410 1656 437 coram
1689 396 1897 438 omnibus
1917 397 2088 453 pericu-

359 466 467 508 boni
499 466 722 508 auditoris
752 473 902 523 partes
935 470 1143 522 agantur.
1241 466 1336 507 lum
1367 467 1570 508 subeant.

1385 553 1423 601 ξ.
1458 553 1497 594 2.
1554 550 1619 593 Ut
1641 549 1899 605 hujusmodi
1919 549 2089 606 experi-

1243 623 1396 661 menta
1438 620 1620 676 publica
1665 625 1785 662 recte
1830 620 2087 677 procedant,

1244 691 1351 732 ordo
1383 691 1546 747 aliquis
1578 691 1765 746 dierum,
1804 691 2014 733 classium
2046 696 2090 732 et

1244 761 1568 818 discipulorum
1619 762 1918 817 instituatur,
1965 762 2091 818 cujus

1244 838 1522 890 conspectus,
1542 833 1579 874 si
1598 833 1827 890 Superiori
1847 833 2089 887 videbitur,

1243 904 1368 961 typis
1398 904 1579 958 edatur3
1613 904 1784 946 externi
1813 904 1950 946 etiam
1970 904 2089 946 invi-

1242 979 1395 1017 tentur
1452 975 1509 1018 ad
1561 975 1935 1028 examinandum3
1997 989 2089 1016 om-

1245 1046 1322 1088 nia
1365 1047 1559 1102 denique
1600 1062 1650 1088 eo
1697 1051 1917 1103 apparatu
1959 1045 2092 1101 juxta

1245 1117 1445 1173 regionis
1476 1117 1847 1160 consuetudinem
1878 1117 2004 1171 fiant,
2037 1121 2090 1159 ut

1246 1189 1489 1230 solemnius
1509 1189 1723 1231 reddatur
1744 1188 2021 1242 exercitium,
2045 1193 2090 1229 et

1245 1260 1311 1301 ita
1342 1260 1552 1302 examina
1582 1260 1680 1318 ipsa
1711 1260 2008 1316 disponantur
2038 1274 2090 1300 ac

1245 1331 1426 1386 dialogo
1470 1331 1642 1387 aliquo,
1680 1331 1752 1374 vel
1793 1330 1895 1373 aliis
1937 1330 2090 1386 hujus—

1244 1402 1369 1444 modi
1431 1402 1830 1445 exercitationibus
1885 1402 2088 1444 intermi-

1242 1477 1463 1528 sceantur,
1501 1478 1553 1515 ut
1584 1473 1798 1528 taedium,
1838 1473 1958 1529 quod
1989 1487 2089 1529 pro-

1240 1549 1388 1587 tracta
1417 1545 1552 1586 nimis
1585 1548 1874 1601 generarent,
1905 1544 2087 1586 vitetur.

1384 1631 1422 1682 ξ.
1455 1631 1496 1672 3.
1543 1628 1732 1685 Insuper
1772 1628 1829 1670 ad
1863 1627 2090 1669 literarias

1243 1699 1587 1741 exercitationes
1619 1706 1702 1744 etc.
1740 1703 1793 1741 ut
1830 1699 1879 1740 in
1910 1702 1998 1741 vet.
2031 1699 2087 1740 R.

1220 1768 1224 1837 ι
1243 1775 1301 1812 st.
1334 1785 1379 1812 n.
1412 1773 1484 1816 34.

76 1868 206 1892 Praemia
231 1868 354 1898 pannea.
499 1854 578 1901 35.
640 1855 708 1896 De
730 1853 941 1910 praemiis
969 1853 1294 1895 distribuendis
1316 1868 1366 1895 ac
1386 1853 1711 1896 declamatione
1733 1853 1971 1909 dialogove
1991 1856 2089 1894 tum

357 1927 544 1967 tortasse
577 1924 785 1967 habendo
817 1924 1083 1982 tempestive
1123 1924 1351 1980 Superiori
1389 1924 1436 1966 in
1477 1925 1739 1966 memoriam
1778 1928 1971 1967 revocet.
2034 1924 2089 1965 In

358 2012 446 2052 qua
479 1996 801 2038 distributione
823 1996 958 2051 legeS,
993 2011 1107 2051 quae
1137 1995 1186 2036 in
1217 1995 1306 2037 fine
1338 1995 1497 2037 harum
1518 1995 1778 2051 regularum
1798 1995 2089 2049 collocantur,

357 2067 602 2110 servandae
634 2071 766 2109 erunt
798 2072 842 2108 et
873 2067 921 2108 in
953 2067 1146 2122 singulis
1179 2066 1396 2109 classibus
1429 2071 1534 2109 ante
1573 2066 1861 2123 scriptionem
1892 2064 2089 2122 promul-

357 2138 545 2194 gandae.

209 2222 336 2247 Privata.
499 2221 577 2268 36.
640 2221 730 2263 Det
763 2235 940 2277 quoque
973 2235 1168 2277 operam,
1199 2225 1252 2262 ut
1282 2225 1458 2277 praeter
1475 2220 1659 2278 publica
1681 2220 1879 2276 praemia
1898 2218 2088 2276 privatis

356 2293 506 2347 etiam,
527 2307 640 2348 quae
660 2293 827 2335 Rector
850 2292 1041 2347 Collegii
1063 2291 1386 2348 suppeditabit,
1418 2290 1676 2348 praemiolis
1697 2291 1770 2334 vel
1789 2291 1919 2346 signo
1938 2290 2089 2346 aliquo
2152 2285 2153 2290 ¹

355 2363 572 2405 Victoriae
603 2363 814 2419 Magistri
846 2364 894 2405 in
926 2378 1007 2405 sua
1039 2363 1226 2419 quisque
1257 2362 1409 2404 schola
1448 2362 1692 2418 discipulos
1728 2361 1942 2416 excitent,
1984 2375 2086 2402 cum

356 2435 427 2475 vel
470 2434 777 2476 adversarium
818 2433 1058 2487 vincendo,
1104 2434 1178 2476 vel
1219 2437 1365 2475 totum
1405 2433 1602 2488 aliquem
1646 2432 1812 2474 librum
1843 2431 2085 2489 repetendo

357 2505 670 2547 memoriterve
702 2505 942 2559 reddendo,
976 2504 1049 2546 vel
1081 2504 1256 2547 illustre
1276 2504 1448 2560 aliquid
1470 2503 1688 2559 ejusmodi
1712 2503 1887 2559 agendo
1908 2502 1957 2544 in
1979 2502 2088 2556 dies,

357 2576 668 2618 commeruisse
697 2576 988 2620 videbuntur.

147 2672 307 2738 03:2⁸3ae-
504 2670 576 2716 37.
639 2672 782 2714 Suum
821 2671 869 2713 in
901 2684 1169 2726 unaquaque
1202 2670 1339 2712 classe
1371 2682 1452 2726 pro
1483 2669 1719 2725 regionum
1760 2666 2083 2710 consuetudine

356 2741 588 2799 publicum
621 2756 848 2784 censorem
880 2742 967 2796 vel,
1001 2741 1038 2782 si
1070 2740 1266 2784 censoris
1303 2755 1467 2782 nomen
1500 2740 1650 2782 minus
1688 2739 1879 2796 placeat,
1911 2738 2084 2780 decuri-

358 2826 487 2853 onem
520 2812 767 2854 maximum
800 2818 880 2855 aut
916 2817 1165 2870 praetorem
1206 2811 1475 2865 constituat;
1515 2810 1614 2867 qui,
1652 2814 1704 2852 ut
1742 2810 1791 2851 in
1827 2808 1996 2851 honore
2027 2809 2086 2850 sit

359 2883 477 2939 apud
517 2883 866 2939 condiscipulos,
913 2882 1154 2940 privilegio
1199 2882 1352 2938 aliquo
1400 2881 1761 2924 cohonestandus
1806 2881 1891 2922 erit
1924 2879 2085 2935 J'usque

358 2954 558 3008 habebit,
588 2954 808 3010 Magistro
840 2954 1135 3011 approbante,
1167 2953 1357 2995 leviores
1389 2967 1554 3010 poenas
1586 2951 1906 3008 condiscipulis
1929 2951 2083 3007 depre-

357 3025 503 3067 candi.
556 3025 600 3067 Is
633 3025 853 3078 observet,
886 3025 921 3065 si
943 3024 1043 3080 quis
1076 3028 1155 3065 aut
1183 3027 1286 3065 ante
1308 3023 1489 3079 signum
1513 3023 1670 3064 datum
1690 3037 1743 3063 ex
1765 3021 2083 3077 condiscipulis

358 3101 550 3151 vagetur
579 3096 625 3137 in
659 3096 787 3149 atrio,
821 3099 901 3136 aut
932 3095 1131 3137 scholam
1162 3094 1357 3136 alienam
1396 3093 1697 3149 ingrediatur,
1738 3097 1817 3134 aut
1847 3107 1873 3134 a
1904 3092 2084 3148 propria
