2148 3402
440 205 483 244 R.
505 214 549 245 st.
574 208 675 247 1599.
716 204 917 254 Gatalogus
938 203 1079 251 aliquot
1105 204 1370 251 quaestionum.
1653 198 1738 244 317

181 333 237 374 In
268 330 459 372 materia
490 330 544 372 de
575 330 737 371 merito
767 342 860 370 11011
893 327 968 369 1110
1000 327 1279 384 disputetur,
1312 333 1464 370 utrum
1497 329 1736 371 retributio
1758 357 1785 377 ...
1807 348 1851 371 οι.

41 404 304 445 meritorum
338 402 457 458 apud
488 401 635 443 Deum
667 401 726 442 sit
757 399 1003 442 secundum
1022 399 1243 454 justitiam
1266 401 1653 455 commutativam,
1682 416 1739 442 an

42 473 397 516 distributivam.

666 639 737 688 Ex
776 639 921 688 tertia
957 643 1111 703 parte.

181 758 275 800 Nec
309 757 363 800 de
384 756 589 815 potentia
611 755 904 798 obedientiali
925 755 1107 798 videtur
1125 755 1200 797 1110
1222 755 1449 812 agendum
1471 756 1558 798 nisi
1581 757 1737 812 obiter,
1760 786 1790 808 q.
1814 779 1837 801 1.
1860 785 1885 801 a.
1910 779 1933 801 1.

41 843 143 870 cum
173 828 397 885 pertineat
430 827 488 870 ad
518 827 554 870 Ι.
586 831 762 883 partem
800 826 849 868 in
887 827 1148 882 quaestione
1181 826 1234 868 de
1275 827 1604 884 omnipotentia
1635 829 1740 884 Dei;

39 915 121 942 nec
167 899 221 941 de
259 898 594 941 Incarnationis
631 897 954 955 possibilitate,
995 897 1050 939 de
1094 913 1184 954 qua
1224 902 1400 953 tamen,
1441 899 1479 940 si
1517 900 1628 955 quid
1668 901 1743 944 1110

42 970 269 1027 agendum
300 970 550 1023 videretur,
583 983 676 1011 non
704 972 935 1025 repetatur
970 969 1020 1010 in
1058 984 1099 1025 q.
1133 972 1196 1023 2.;
1235 984 1318 1011 1100
1357 969 1411 1011 de
1451 969 1743 1014 distinctione

41 1041 265 1099 suppositi
296 1045 341 1083 et
370 1045 573 1095 naturae,
606 1039 683 1082 sed
713 1040 974 1081 remittatur
998 1040 1055 1082 ad
1087 1055 1128 1095 q.
1152 1043 1192 1084 3.
1217 1055 1256 1084 a.
1272 1043 1311 1084 3.
1360 1041 1562 1083 Tandem
1595 1058 1652 1084 an
1685 1044 1744 1085 sit

41 1113 95 1155 de
115 1113 292 1155 ratione
308 1112 430 1167 boni,
453 1127 497 1154 se
520 1116 628 1154 actu
649 1111 993 1165 communicare,
1016 1111 1214 1168 pertinet
1234 1113 1387 1168 potius
1420 1112 1477 1154 ad
1497 1113 1533 1158 Ι,
1554 1118 1744 1170 partem,

41 1184 91 1225 in
121 1199 163 1240 q.
195 1183 249 1225 de
279 1183 483 1226 bonitate
514 1182 614 1238 Dei,
647 1183 720 1225 vel
751 1182 800 1224 in
833 1198 874 1239 q.
907 1182 962 1224 de
992 1183 1134 1225 libero
1168 1183 1359 1226 arbitrio
1392 1184 1490 1226 Dei.
1531 1192 1538 1196 ’

183 1254 418 1306 Quomodo
454 1268 536 1296 nos
567 1253 896 1296 satisfaciamus
928 1269 1008 1311 pro
1040 1254 1249 1311 peccatis,
1282 1259 1327 1297 et
1357 1256 1581 1312 quomodo
1614 1257 1742 1299 satis-
1762 1285 1787 1301 a.
1809 1277 1836 1302 2.

41 1326 179 1368 factio
211 1330 367 1368 nostra
397 1326 574 1368 nitatur
605 1324 906 1368 satisfactioni
939 1324 1121 1380 Christi,
1156 1325 1392 1368 differatur
1426 1327 1475 1369 in
1507 1328 1744 1370 materiam

44 1396 99 1439 de
131 1396 433 1439 Poenitentia.

183 1467 259 1510 An
289 1468 339 1510 in
369 1468 465 1510 Deo
497 1467 589 1510 sint
618 1472 708 1510 tres
740 1467 1081 1523 Subsistentiae,
1115 1473 1161 1511 et
1194 1484 1252 1511 an
1273 1470 1465 1512 essentia
1495 1471 1743 1514 secundum
1763 1499 1791 1522 q.
1813 1491 1839 1515 2.

43 1555 88 1581 se
118 1540 358 1595 subsistat,
390 1555 451 1582 an
493 1555 572 1597 per
603 1539 887 1594 Relationes,
926 1554 1018 1582 non
1056 1540 1131 1583 hic
1172 1540 1442 1598 disputetur,
1475 1542 1553 1584 sed
1585 1557 1748 1600 suppo-

42 1616 179 1653 natur
218 1626 272 1653 ex
305 1611 340 1653 Ι.
378 1616 505 1668 parte
543 1611 593 1653 in
630 1611 820 1654 materia
859 1611 913 1653 de
945 1611 1188 1666 Trinitate;
1231 1618 1388 1655 utrum
1421 1617 1572 1656 autem
1603 1614 1747 1671 possit

42 1697 185 1725 unum
218 1682 517 1725 essentialiter
547 1683 795 1741 dependere
828 1697 854 1725 a
885 1683 1041 1725 multis
1081 1684 1382 1741 dependentia
1420 1685 1610 1741 causali,
1643 1700 1746 1742 sup—

43 1758 239 1811 ponatur
270 1769 325 1796 01(
355 1754 664 1812 Philosophia.

184 1827 290 1869 Non
321 1827 576 1884 disputetur
608 1827 662 1870 de
693 1843 787 1870 esse
821 1827 1047 1884 objectivo
1087 1831 1244 1870 contra
1277 1828 1486 1883 Scotum,
1527 1827 1604 1870 sed
1643 1842 1745 1885 sup-
1765 1856 1793 1878 q.
1813 1848 1840 1871 4.
1862 1855 1886 1871 a.
1908 1848 1936 1871 4.

44 1902 241 1956 ponatur
272 1913 328 1940 ex
357 1898 395 1940 Ι.
426 1903 569 1956 parte,
602 1899 651 1941 in
683 1914 771 1955 qua
803 1899 857 1941 de
889 1899 1079 1941 scientia
1110 1899 1210 1940 Dei.

184 1970 260 2013 An
290 1970 439 2013 virtus
468 1970 646 2013 heroica
677 1971 858 2013 differat
878 1971 1025 2028 specie
1049 1986 1075 2013 a
1095 1970 1267 2014 virtute
1288 1972 1587 2013 communiter
1606 1971 1744 2026 dicta,
1767 1998 1794 2021 q.
1816 1990 1842 2014 τ.

45 2045 327 2099 supponatur
357 2057 411 2083 ex
443 2041 738 2099 Philosophia
768 2042 944 2097 morali,
977 2041 1051 2084 vel
1082 2057 1137 2084 ex
1171 2045 1190 2086 1
1218 2042 1279 2084 Π.

186 2113 261 2155 An
290 2113 550 2156 humanitas
572 2113 745 2156 Christi
765 2114 912 2156 active
935 2117 1173 2156 concurrat
1193 2113 1250 2155 ad
1270 2113 1545 2158 infusionem
1571 2116 1745 2172 gratiae
1768 2142 1797 2166 q.
1818 2134 1844 2159 s.
1865 2142 1890 2159 a.
1915 2135 1940 2158 1.

46 2188 91 2226 et
129 2184 186 2226 ad
218 2199 354 2242 opera
384 2184 721 2240 miraculorum,
753 2200 856 2228 cum
888 2186 1055 2229 habeat
1086 2187 1275 2229 eandem
1308 2187 1623 2229 difficultatem
1643 2202 1746 2229 cum

46 2256 444 2298 Sacramentorum
466 2257 744 2311 causalitate,
776 2257 892 2313 ideo,
909 2273 966 2299 ne
989 2272 1117 2314 saepe
1138 2262 1370 2315 repetatur
1390 2258 1523 2313 idem,
1555 2262 1746 2315 possunt

45 2327 133 2369 ista
163 2327 382 2384 conjungi
413 2332 458 2369 et
489 2328 623 2370 simul
654 2329 844 2370 tractari
873 2328 923 2370 in
955 2328 1143 2370 materia
1175 2329 1229 2371 de
1260 2330 1568 2372 Sacramentis
1598 2331 1648 2372 in
1667 2345 1744 2386 ge-

45 2413 164 2441 nere.
216 2399 287 2441 Ex
318 2399 375 2441 iis
407 2403 571 2455 tamen,
604 2400 642 2441 si
675 2400 776 2456 quis
807 2400 1006 2442 voluerit
1024 2400 1235 2442 nonnihil
1262 2401 1311 2442 in
1343 2400 1428 2443 hac
1461 2403 1500 2445 8.
1534 2415 1576 2457 q.
1609 2401 1748 2443 attin-

46 2484 153 2525 gere
192 2469 250 2512 ad
289 2470 606 2527 explicandum
647 2471 1072 2513 instrumentarium
1114 2471 1417 2514 humanitatis
1463 2486 1745 2527 concursum,

45 2542 145 2596 hoc,
178 2542 395 2598 quicquid
424 2542 642 2599 attigerit,
674 2543 801 2585 nullo
832 2543 966 2586 modo
999 2546 1172 2599 repetat
1203 2542 1253 2585 111
1283 2543 1474 2585 materia
1505 2543 1559 2586 de
1590 2544 1747 2586 Sacra-

47 2613 225 2656 mentis.

188 2685 292 2728 Non
322 2684 504 2728 videtur
533 2685 879 2743 disputandum,
925 2686 1004 2741 qui
1039 2685 1132 2727 sint
1172 2690 1252 2728 aut
1291 2700 1385 2728 non
1421 2686 1514 2729 sint
1546 2686 1747 2729 membra
1766 2714 1791 2730 a.
1813 2705 1828 2730 2
1849 2713 1896 2735 sq.

48 2755 291 2810 Ecclesiae,
325 2771 426 2798 cum
455 2756 503 2798 id
532 2757 758 2813 pertineat
789 2757 847 2799 ad
877 2757 1113 2799 materiam
1145 2756 1199 2798 de
1230 2757 1445 2802 Ecclesia.

189 2827 265 2869 An
294 2827 551 2883 intelligere
582 2829 791 2872 divinum
822 2829 965 2886 possit
996 2827 1323 2871 communicari
1355 2829 1532 2872 animae
1564 2829 1747 2883 Christi,
1768 2854 1797 2877 q.
1818 2846 1844 2870 ε».
1866 2854 1891 2870 a.
1915 2847 1938 2871 1.

48 2899 246 2956 pertinet
276 2899 333 2941 ad
367 2902 390 2942 1
413 2899 461 2941 ΙΙ
493 2914 534 2955 (1.
555 2902 595 2945 3.
625 2915 663 2955 a.
687 2903 725 2945 1.

190 2971 278 3025 Ea,
319 2985 433 3026 quae
480 2970 538 3012 ad
575 2969 790 3027 cujusque
828 2971 950 3013 beati
986 2974 1157 3013 statum
1192 2971 1442 3028 pertinent,
1481 2971 1660 3028 quando
1701 2974 1745 3011 et
1765 2997 1792 3018 q.
1815 2990 1857 3014 ιο,
1884 2996 1910 3012 a.
1931 2989 1956 3015 2.

51 3042 275 3096 quomodo
306 3041 565 3096 videantur,
596 3055 689 3083 non
719 3046 940 3084 tractetur
969 3042 1063 3097 hic,
1104 3041 1182 3084 sed
1218 3042 1268 3085 in
1298 3044 1333 3085 Ι.
1366 3048 1519 3101 parte,
1552 3043 1672 3084 sicut
1702 3045 1748 3083 et

50 3113 237 3170 reliqua,
266 3127 380 3168 quae
411 3112 640 3169 pertinent
671 3112 728 3154 ad
757 3113 979 3156 visionem
1009 3114 1095 3155 Dei
1125 3113 1176 3155 in
1206 3114 1449 3157 communi.
