2148 3402
130 146 198 184 Die
228 149 280 184 12.
308 147 566 185 oberdeutsche
594 148 854 194 Prov.—Kongr.
881 148 968 184 iiber
994 148 1053 184 die
1078 150 1120 185 R.
1141 155 1186 184 st.
1236 150 1407 185 Antwort
1421 149 1453 185 d.
1468 149 1508 184 P.
1523 149 1723 193 Aquaviva.
1743 140 1829 183 483

877 412 967 454 Nr.
982 411 1052 453 14.

283 542 316 589 Ι.
359 542 740 604 Ausstellungen
781 541 867 590 der
908 544 985 590 12.
1014 541 1687 606 Provinzial-Kongregation

678 653 774 686 von
814 636 1267 686 Oberdeutschland

407 728 663 784 (begonnen
695 744 767 771 am
800 732 840 774 3.
873 730 989 772 Nov.
1028 732 1140 774 1599
1171 745 1227 772 zu
1258 730 1525 786 Augsburg)

614 829 672 861 an
714 813 801 861 der
838 813 981 863 Ratio
1021 814 1306 863 studiorum.

427 977 605 1019 (Archiv.
632 977 762 1010 Germ.
789 978 885 1020 Sup.
911 978 989 1013 111.
1015 979 1061 1011 B.
1087 990 1127 1021 p.
1149 979 1240 1021 105,
1268 979 1344 1013 sub
1370 989 1410 1012 n.
1440 980 1500 1021 6.)

244 1118 369 1159 Inter
385 1117 487 1171 alia,
513 1132 628 1173 quae
646 1117 961 1161 difficultatem
983 1120 1153 1162 habent
1176 1120 1224 1162 in
1242 1134 1362 1163 noua
1381 1121 1633 1163 studiorum
1655 1123 1832 1164 ratione

103 1192 238 1244 atque
269 1188 546 1230 relaxatione
577 1188 729 1244 aliqua
760 1189 963 1246 indigere
996 1191 1221 1245 videntur,
1253 1191 1342 1234 duo
1371 1207 1491 1234 nunc
1526 1193 1831 1249 Congregatio

101 1259 328 1316 proponit.

243 1331 500 1373 Alterum
539 1335 604 1372 est
642 1331 691 1373 in
730 1332 887 1388 regula
929 1335 996 1376 19.
1030 1333 1330 1376 Prouincialis
1374 1338 1412 1388 ξ.
1449 1338 1505 1378 1.;
1555 1340 1606 1377 vt
1645 1336 1829 1378 Fratres

101 1402 245 1444 nostri
283 1402 444 1457 Logici
483 1405 618 1458 atque
658 1402 795 1445 etiam
835 1402 913 1445 alii
954 1403 1036 1446 sub
1076 1404 1431 1461 Quadragesima
1468 1407 1536 1449 ve]
1581 1407 1664 1449 sub
1696 1406 1830 1449 ferias

100 1472 340 1515 Paschales
361 1473 688 1529 examinentur,
723 1474 814 1530 qui,
847 1474 885 1516 si
915 1489 1008 1517 non
1038 1475 1277 1532 profecisse
1309 1476 1603 1534 reperiantur,
1639 1493 1664 1519 a
1695 1492 1828 1521 cursu

103 1544 333 1595 abstracti,
366 1544 542 1587 casibus
572 1545 865 1590 destinentur.

242 1615 342 1657 Hoc
374 1615 530 1657 durius
561 1620 639 1670 est,
687 1631 768 1658 nec
799 1631 972 1675 semper
1003 1618 1301 1661 conducibile.
1360 1619 1496 1662 Multi
1528 1620 1647 1662 enim
1681 1620 1828 1663 adole-

104 1690 275 1728 scentes
310 1686 467 1743 primis
500 1686 593 1728 illis
625 1687 853 1730 mensibus
891 1703 943 1730 ac
974 1693 1070 1731 toto
1118 1689 1208 1732 fere
1251 1689 1331 1732 illo
1371 1705 1504 1745 anno,
1552 1691 1832 1748 spinosarum

101 1757 415 1813 quaestionum
455 1762 498 1799 et
536 1772 684 1800 rerum
723 1759 832 1801 satis
871 1759 1178 1803 abstrusarum
1218 1761 1449 1804 auditione
1482 1762 1654 1817 obruti,
1686 1777 1831 1819 neque

101 1828 258 1871 audita
287 1829 353 1870 ita
378 1829 467 1870 cito
501 1829 700 1886 capiunt,
732 1845 877 1886 neque
896 1835 1122 1888 vtrunque
1145 1832 1373 1890 capientes
1404 1833 1484 1875 illa
1516 1847 1734 1890 exponere
1757 1833 1827 1876 de-

101 1914 185 1955 que
202 1899 293 1941 illis
314 1899 527 1942 disserere
545 1905 747 1957 possunt,
770 1902 849 1956 qui
866 1906 963 1943 tum
978 1902 1138 1945 deinde
1153 1903 1320 1960 apertis
1344 1904 1674 1960 quodammodo
1691 1905 1831 1947 oculis

102 1971 259 2013 audita
299 1975 344 2012 et
383 1970 669 2027 intelligunt,
709 1975 753 2013 et
791 1972 1023 2014 commode
1071 1974 1313 2030 explicant.
1352 2000 1401 2006 —
1435 1975 1644 2031 Rogatur
1680 1975 1832 2031 itaque

101 2042 157 2083 R.
180 2042 230 2086 P.
253 2042 323 2096 N.,
356 2045 408 2084 vt
428 2056 617 2083 examen
641 2042 756 2084 illud
789 2043 846 2085 ad
867 2043 1003 2085 finem
1024 2059 1164 2100 vsque
1187 2045 1462 2102 Septembris
1484 2045 1663 2087 differre
1683 2045 1830 2100 liceat,

102 2127 154 2155 ac
184 2117 283 2154 tum
314 2113 511 2170 primum
543 2113 597 2155 de
628 2114 867 2170 pergendo,
899 2115 972 2157 vel
1002 2130 1094 2158 non
1125 2116 1353 2172 pergendo
1373 2116 1422 2158 in
1442 2131 1574 2159 cursu
1592 2116 1828 2159 iudicetur.

243 2183 489 2226 Alterum
528 2188 595 2226 est
626 2183 674 2226 in
705 2185 864 2240 regula
897 2188 965 2230 20.
989 2186 1214 2228 Praefecti
1240 2187 1506 2230 Studiorum
1538 2187 1831 2244 superiorum,

101 2258 153 2296 vt
173 2254 396 2310 prodituri
428 2255 485 2297 ad
514 2255 719 2312 publicas
748 2255 1080 2312 disputationes
1110 2257 1329 2314 priuatim
1361 2262 1467 2300 ante
1500 2259 1829 2301 examinentur.

101 2324 202 2367 Hoc
224 2325 407 2367 omnino
430 2326 597 2368 multos
623 2325 906 2382 absterrebit,
923 2327 1241 2384 paucioresque
1260 2329 1540 2371 academicae
1558 2329 1830 2386 disputatio-

101 2409 180 2436 nes
194 2394 490 2439 habebuntur.
514 2395 674 2453 Itaque
690 2398 1136 2454 rogatGongregatio
1151 2400 1206 2441 R.
1225 2400 1274 2442 P.
1295 2401 1573 2455 Generalem,
1591 2405 1643 2443 vt
1660 2415 1827 2456 eorum,

101 2466 176 2522 qui
211 2466 484 2523 disputaturi
515 2472 633 2523 sunt,
666 2468 874 2525 aptitudo
896 2469 1182 2526 Praeceptori
1213 2474 1257 2512 et
1278 2471 1515 2514 Praefecto
1537 2470 1828 2513 diiudicanda

101 2537 400 2593 relinquatur,
440 2538 517 2594 qui
548 2553 628 2595 pro
661 2554 741 2581 suo
776 2544 912 2595 atque
943 2539 1212 2583 Academiae
1252 2541 1421 2584 honore
1457 2556 1550 2584 non
1579 2542 1830 2599 producent

100 2608 277 2665 ineptos
308 2611 352 2649 et
381 2607 577 2651 infantes
610 2609 926 2667 disputatores.
989 2611 1057 2652 De
1091 2611 1204 2666 aliiS,
1238 2627 1294 2654 ne
1316 2613 1623 2669 Oongregatio
1656 2613 1828 2655 diutius

103 2678 317 2733 haereret,
349 2678 508 2721 delecti
548 2695 573 2722 a
604 2681 654 2722 P.
686 2680 966 2723 Prouinciali
1009 2680 1196 2739 [Ottone
1229 2682 1506 2739 Eisenreich]
1538 2684 1696 2726 Patres
1727 2698 1827 2740 pro-

103 2753 272 2804 ponent
302 2748 390 2806 ipsi
421 2749 711 2807 Prouinciali,
745 2751 824 2808 qui
855 2751 1014 2793 deinde
1046 2752 1104 2794 ad
1135 2753 1185 2797 P.
1219 2753 1274 2795 N.
1309 2769 1361 2796 ea
1390 2753 1567 2796 referet.

244 2819 398 2876 Resp.
461 2818 592 2869 Quod
622 2821 680 2863 ad
709 2822 903 2879 Logicos
933 2822 1110 2878 attinet,
1143 2838 1245 2865 cum
1284 2824 1369 2867 hac
1389 2826 1438 2867 in
1468 2840 1515 2867 re
1548 2824 1736 2880 aliisque
1779 2823 1826 2866 id

103 2905 246 2945 genus
271 2890 554 2934 incommoda
581 2893 801 2936 nonnulla
830 2893 968 2935 etiam
1006 2893 1061 2936 ab
1093 2894 1198 2946 ,aliis
1231 2895 1477 2952 prouinciis
1515 2896 1824 2950 obseruentur,

104 2961 309 3003 adhibita
339 2975 483 3018 nuper
514 2966 581 3003 est
610 2966 708 3004 tum
740 2964 857 3006 circa
896 2964 1126 3020 examina,
1169 2970 1266 3008 tum
1300 2967 1416 3009 circa
1448 2967 1647 3009 studium
1677 2967 1824 3023 ipsum

104 3029 420 3088 Philosophiae
453 3046 504 3074 ac
534 3031 808 3089 Theologiae
851 3035 1121 3091 moderatio,
1160 3036 1214 3078 de
1254 3052 1343 3093 qua
1382 3038 1562 3079 seorsim
1603 3037 1730 3080 brevi
1768 3037 1824 3079 ad

1544 3120 1610 3156 31*
