2084 3441
136 439 164 463 p.

187 430 230 456 35.

252 132 308 185 14
427 145 538 188 'Ratio
564 147 767 189 studiorum
792 156 829 189 et
853 138 1104 190 institutiones
1130 142 1371 188 scholasticae
1398 147 1595 185 Societatis
1621 148 1711 186 Jesu
1736 141 1775 185 11

390 274 430 316 6.
462 271 746 314 Adhibeatur
789 287 909 329 cura,
958 278 1011 316 ut
1055 272 1365 331 philosophiae
1407 271 1676 329 professores
1722 289 1936 330 magnam

249 340 447 384 habeant
477 342 697 385 rationem
730 358 897 399 eorum,
930 358 1042 400 quae
1074 359 1169 387 can.
1204 347 1243 389 8.
1268 358 1420 400 congr.
1443 346 1482 388 3.
1504 343 1933 404 praescribuntur¹.l

393 413 604 456 Conferet
635 418 785 456 autem
818 414 874 456 ad
905 414 1014 457 haec
1046 415 1196 457 omnia
1229 418 1271 459 19
1305 429 1398 457 non
1428 415 1523 457 sine
1560 430 1726 471 magno
1764 416 1938 459 delectu

249 483 307 526 ad
339 482 590 527 docendum
620 485 952 542 philosophiam
985 490 1030 528 et
1059 486 1336 542 theologiam
1368 501 1443 528 eos
1474 486 1654 541 assumi,
1698 487 1776 543 qui
1813 502 1937 544 prae·

248 559 316 597 ter
345 555 515 612 ingenij
550 556 818 610 bonitatem,
858 556 1013 613 iudicij
1046 557 1282 614 praecipue
1314 557 1540 613 grauitate
1578 558 1792 614 polleant,
1831 572 1939 614 quo-

246 640 347 669 rum
380 626 635 668 obedientia
666 630 803 683 atque
834 626 1031 669 facilitas
1062 631 1294 685 perspecta
1326 629 1397 682 sit⁷
1434 643 1491 670 ne
1522 628 1714 686 superbo
1753 628 1939 685 ingenio

249 701 294 739 et
323 711 545 740 nouarum
575 712 723 740 rerum
756 698 919 755 cupido
951 699 1001 740 in
1039 713 1118 741 suo
1159 713 1291 741 sensu
1330 699 1573 744 abundent.
1625 724 1678 730 —
1733 703 1777 745 2⁶3
1811 704 1863 742 ut
1901 701 1940 742 si

250 768 328 824 qui
359 768 408 810 in
448 767 543 825 ipso
586 768 776 811 docendi
814 784 997 812 munere
1036 784 1128 812 non
1166 770 1281 812 tales
1322 770 1587 828 deprehensi
1627 770 1811 826 fuerint,
1858 771 1939 813 ubi

249 839 362 881 serio
394 838 617 881 admoniti
649 839 707 881 ad
749 840 1064 895 obedientiam,
1110 841 1333 897 adeoque²
1367 841 1424 883 ad
1464 841 1703 884 Societatis
1744 846 1941 884 mentem

249 924 294 952 se
324 924 416 952 non
449 910 844 966 conformauerint,
877 911 932 953 ab
965 926 1016 954 eo
1049 916 1357 967 amoueantur‚
1402 916 1447 954 et
1476 912 1525 954 in
1564 912 1665 969 alijs
1697 912 1940 955 Societatis

249 987 429 1024 nostrae
461 982 724 1039 ministerijs
756 987 1041 1039 occupentur,
1076 983 1454 1039 quemadmodum
1475 983 1529 1025 de
1550 983 1941 1026 concionatoribus

248 1052 298 1094 in
330 1052 476 1095 officio
497 1054 819 1096 Prouincialis³
841 1053 1069 1096 statuitur.
1131 1053 1402 1110 Intelligant
1424 1053 1612 1110 quique}
1632 1053 1940 1097 Prouinciales

249 1123 303 1166 de
335 1124 400 1165 rei
430 1123 563 1166 huius
596 1124 921 1179 obseruatione,
954 1138 1069 1180 quae
1090 1124 1148 1166 ad
1170 1124 1409 1167 Societatis
1432 1125 1816 1167 conseruationem
1838 1140 1940 1167 cum

250 1194 407 1251 primis
444 1196 654 1252 pertinet,
693 1195 788 1238 Deo
827 1210 873 1238 se
911 1199 956 1238 et
994 1195 1211 1238 Societati
1247 1196 1469 1239 rationem
1506 1196 1754 1239 arctissime
1796 1195 1943 1238 reddi-

249 1270 387 1310 turos,
449 1265 572 1320 (Sine
603 1266 742 1323 dato.)

391 1359 457 1415 (L.
482 1359 569 1415 S.)⁵
1463 1362 1679 1407 Claudius
1710 1362 1794 1421 Aq.

396 1567 406 1590 ¹
433 1566 465 1603 d.
491 1574 632 1613 persor.
658 1565 863 1614 (Schreibf.)

393 1628 407 1647 ¹
430 1628 454 1662 1.
480 1632 593 1671 atque
619 1627 721 1662 adeo.

394 1687 407 1707 ⁸
431 1687 524 1731 Reg.
550 1688 606 1722 98.
655 1686 774 1722 Nota
801 1686 917 1731 orig.

393 1745 407 1766 ⁴
431 1745 455 1780 l.
482 1745 779 1791 intelligantque.

397 1805 410 1824 ⁸
437 1804 629 1849 „Sigillum
666 1805 877 1850 Praepositi
910 1804 1039 1841 Societ.
1072 1803 1195 1840 Jesu.“
1233 1825 1274 1830 —
1302 1804 1374 1840 Zur
1405 1804 1671 1840 vorstehenden
1703 1805 1944 1850 Verordnung

253 1863 325 1909 vgl.
350 1867 465 1899 unten
491 1864 524 1899 S.
540 1866 582 1899 31
609 1866 635 1899 f.
