2153 3467
313 186 399 228 390
515 195 624 230 Ratio
653 196 855 230 studiorum
883 198 921 229 et
946 194 1201 230 institutiones
1226 194 1469 229 scholasticae
1495 196 1691 231 Societatis
1718 196 1763 231 Je
1773 207 1813 231 su
1842 196 1881 232 ΙΙ

314 317 503 358 verbum
543 316 738 359 latinum
779 316 1023 371 reddendo,
1063 317 1139 359 sed
1179 317 1365 358 eandem
1406 318 1675 359 sententiam
1721 319 1862 372 (1832
1894 319 2042 363 addit:

313 389 527 441 siquidem
557 389 617 428 sit
646 388 883 443 obscurior)
923 389 1218 445 apertioribus
1250 388 1486 444 phrasibus
1526 389 1818 443 declarando,
1859 390 2043 446 aperiat.

315 459 363 500 Si
386 473 491 500 vero
512 459 642 514 vulgi
664 474 880 514 sermone,
903 465 1060 514 servet,
1096 460 1245 516 quoad
1267 460 1363 501 fieri
1386 464 1551 516 potest,
1583 460 1929 502 collocationem
1951 476 2048 504 ver-

319 530 497 572 borum:
530 530 593 572 sic
624 530 744 573 enim
776 546 961 574 numero
996 536 1254 574 assuescunt
1287 546 1427 573 aures.

458 613 628 662 Quodsi
663 615 850 671 vulgare
882 615 1052 658 idioma
1073 630 1164 657 non
1344 618 1494 656 18332.-
1517 614 1689 665 Quodsi
1711 629 1852 656 sermo
1875 615 2047 671 patrius

315 684 510 740 pa‘ritur,
562 686 686 743 prius
732 687 788 729 ad
839 687 1022 729 verbum
1074 688 1164 728 fere
1201 701 1292 729 non
1314 686 1503 744 patitur,
1526 686 1649 743 prius
1673 686 1729 728 ad
1752 686 1938 728 verbum
1961 687 2051 728 fere

317 756 482 809 omnia,
515 762 672 813 postea
699 757 755 799 ad
779 758 906 814 vulgi
930 762 1163 800 consuetu-
1203 759 1375 812 omnia,
1414 762 1570 814 postea
1609 757 1770 813 lingua
1810 758 2053 801 vernacula

317 826 471 870 dinem
504 828 710 885 explicet.
1202 830 1406 887 explicet.

460 912 632 962 Quarto
673 927 698 953 a
738 911 884 968 capite
923 927 1176 967 recurrens,
1218 913 1307 955 nisi
1347 913 1477 955 malit
1508 913 1595 970 ipsi
1616 913 1909 970 explicationi
1940 913 2054 955 inse—

320 997 430 1035 rere,
455 982 791 1025 observationes
812 983 965 1025 tradat
988 984 1148 1040 cuique
1171 984 1351 1027 scholae
1375 985 1751 1027 accommodatas.
1797 985 1919 1034 Quas
1945 998 2054 1027 vero

317 1053 604 1110 excipiendas
633 1055 868 1108 censuerit,
901 1070 1014 1111 quae
1036 1057 1203 1098 multae
1227 1072 1319 1099 esse
1338 1072 1430 1098 11011
1451 1056 1678 1110 deberent,
1710 1057 1783 1099 vel
1805 1055 2055 1112 interrupte

317 1126 435 1167 inter
457 1125 788 1182 explicandum,
810 1127 881 1168 vel
901 1127 1095 1181 seorsim,
1116 1127 1413 1184 praelectione
1429 1128 1524 1184 jam
1542 1128 1712 1183 habita,
1736 1127 1890 1172 dictet.
1932 1127 2056 1171 Utile

319 1201 468 1238 autem
501 1197 615 1238 solet
637 1213 753 1252 esse,
785 1202 837 1240 ut
870 1198 1157 1254 grammatici
1189 1199 1304 1241 nihil
1336 1199 1538 1241 scribant
1570 1199 1658 1241 nisi
1683 1199 1811 1255 jussi.

99 1268 285 1329 Μξζξξξξξξῖ
465 1267 542 1314 28.
606 1271 771 1322 (1832.·
808 1272 845 1325 §-
878 1273 934 1323 J.)
996 1270 1216 1312 Historici
1247 1276 1292 1312 et
1322 1275 1479 1328 poetae
1501 1270 1743 1327 praelectio
1776 1270 1890 1312 illud
1922 1269 2057 1312 habet

135 1341 244 1372 ⁹⁰³³ffl2·
319 1338 556 1395 peculiare,
590 1340 710 1395 quod
742 1340 983 1383 historicus
1015 1341 1200 1383 celerius
1232 1340 1324 1383 fere
1357 1341 1672 1396 excurrendUS‚
1705 1342 1754 1383 in
1774 1346 1907 1398 poeta
1929 1356 2056 1398 saepe

321 1410 517 1452 oratoria
548 1411 837 1467 paraphrasis
870 1417 1077 1454 accurate
1109 1413 1231 1455 facta
1246 1413 1492 1470 plurimum
1514 1413 1662 1468 decet;
1696 1413 2057 1469 faciendumque,

321 1485 372 1523 ut
404 1480 611 1538 discipuli
643 1486 799 1539 poetae
833 1483 1110 1540 oratorisque
1142 1484 1314 1540 stylum
1345 1484 1645 1527 internoscere
1676 1488 1979 1527 consuescant.

1349 1572 1386 1622 ξ.
1428 1572 1466 1612 2.
1539 1568 1711 1610 Eodem
1774 1567 1866 1610 fere
1923 1567 2057 1610 modo

1207 1640 1528 1696 praelegantur
1559 1644 1764 1682 auctores
1802 1638 1979 1681 classici
2010 1638 2059 1680 in

1209 1711 1369 1767 lingua
1400 1711 1654 1754 vernacula.

71 1771 303 1839 Wf'ercssessssssssssffm
468 1778 548 1825 29.
582 1780 636 1821 In
658 1780 955 1836 praelegenda
973 1786 1071 1823 tum
1084 1782 1165 1837 Cy-
1354 1781 1434 1829 29.
1495 1783 1551 1824 In
1612 1781 1912 1839 praelegenda
1963 1786 2058 1823 tum

323 1850 1169 1907 prianiRhetorica,tumartemetrica‚
1210 1854 1446 1908 rhetorica,
1480 1858 1578 1895 tum
1611 1859 1706 1895 arte
1728 1852 1930 1907 metrica,
1962 1856 2060 1895 tum

326 1928 420 1965 tum
433 1923 577 1965 latina
588 1938 804 1979 graecave
816 1924 1171 1979 grammaticaet
1210 1926 1368 1979 latina,
1400 1925 1646 1968 vernacula
1676 1939 1894 1980 graecave
1914 1939 2061 1979 gram-

324 1994 486 2036 horum
551 1995 776 2037 similibus
828 1995 886 2037 ad
935 2000 1173 2052 praecepta
1213 1997 1382 2039 matica
1429 2001 1473 2039 et
1522 1996 1684 2038 horum
1737 1995 1960 2037 similibus
2004 1995 2062 2037 ad

324 2065 630 2124 spectantibus
699 2081 768 2109 res
828 2067 953 2124 ipsae
1021 2066 1172 2124 potius
1212 2073 1453 2126 praecepta
1491 2066 1800 2125 spectantibus
1839 2081 1909 2108 res
1939 2066 2062 2123 ipsae

326 2154 460 2194 quam
484 2138 622 2180 verba
646 2138 963 2196 perpendenda
986 2143 1170 2181 sunt.—
1213 2139 1364 2196 potius
1395 2153 1532 2194 quam
1570 2137 1708 2180 Verba
1745 2136 2062 2194 perpendenda

327 2212 474 2265 [I’ray.
498 2210 632 2265 Ans-y.
653 2210 931 2252 Locutiones
947 2225 1055 2253 vero
1076 2210 1174 2252 bre·
1214 2215 1333 2253 sunt.
1396 2209 1669 2252 Locutiones
1710 2223 1815 2251 vero
1855 2208 2062 2251 brevissi-

324 2281 536 2324 vissimae
567 2281 624 2324 ab
658 2281 844 2339 optimis
881 2281 1175 2338 scriptoribus
1215 2297 1314 2324 mae
1336 2282 1392 2324 ab
1425 2281 1609 2338 optimis
1640 2280 1936 2337 scriptoribus
1962 2293 2063 2336 pro—

326 2353 642 2410 proponendae
659 2358 703 2395 et
720 2354 876 2395 statim
893 2352 1175 2408 reddendae]
1215 2352 1448 2410 ponendae
1470 2356 1514 2394 et
1535 2351 1690 2394 statim
1715 2350 1981 2393 reddendae.

469 2426 523 2466 In
545 2425 868 2481 grammaticae
890 2439 995 2467 vero
1017 2425 1281 2481 praesertim
1302 2423 1591 2466 inferioribus
1614 2422 1842 2476 classibus,
1874 2437 1975 2464 cum
1995 2421 2062 2463 in-

328 2495 440 2538 cidit
471 2495 643 2552 aliquid
675 2495 919 2550 difficilius,
951 2495 1065 2537 illud
1097 2496 1247 2553 ipsum
1279 2510 1369 2538 uno
1402 2499 1481 2537 aut
1512 2493 1718 2551 pluribus
1749 2493 1909 2535 diebus
1939 2507 2060 2534 reco-

328 2568 462 2622 latur,
496 2572 575 2610 aut
614 2567 820 2610 faciliora
859 2566 1078 2623 quaedam
1116 2582 1170 2609 ex
1203 2566 1304 2609 aliis
1335 2564 1659 2622 grammaticae
1689 2563 1896 2621 partibus
1926 2563 2063 2605 inter-

330 2643 557 2696 ponantur
587 2643 920 2695 repetanturve.

475 2709 555 2756 30.
619 2710 855 2752 Scribendi
888 2714 1205 2765 argumentum
1236 2723 1329 2751 11011
1360 2706 1628 2750 dictandum
1660 2722 1713 2749 ex
1746 2711 1958 2763 tempore,
1987 2705 2061 2747 sed

330 2781 548 2825 meditato
567 2786 611 2822 et
628 2782 721 2822 fere
739 2782 792 2823 de
809 2781 1014 2838 scripto¹,
1037 2781 1158 2837 quod
1177 2780 1234 2822 ad
1251 2778 1555 2821 imitationem
1580 2777 1820 2831 Ciceronis,
1842 2781 2062 2833 quantum

331 2853 427 2895 fieri
459 2856 620 2909 potest,
652 2857 696 2894 et
729 2852 785 2894 ad
817 2867 1023 2895 normam
1055 2851 1287 2908 cujusdam
1319 2849 1609 2904 narrationis,
1643 2847 1878 2902 suasionis,
1911 2850 2063 2901 gratu-

330 2923 536 2975 lationis,
583 2922 909 2965 admonitionis
942 2923 1225 2978 aliarumque
1266 2920 1313 2962 id
1357 2935 1500 2976 genus
1538 2934 1687 2962 rerum
1725 2918 1969 2974 dirigatur:
2019 2922 2065 2958 et

332 2995 514 3051 quidem
548 2997 646 3037 tum
677 2993 822 3036 latina
860 2994 1022 3050 lingua
1061 2998 1159 3036 tum
1190 2991 1341 3049 patria
1380 2990 1665 3034 scribendum
1696 2992 1822 3044 esset,
1862 2987 1941 3031 ubi
1973 2987 2063 3029 dic-

123 2713 274 2737 scribendi

94 2751 310 2780 argumentum.

480 3113 490 3134 ¹
516 3125 559 3148 111.
589 3111 841 3157 „descripti0“.
