2143 3462
127 1816 275 1847 Quatenus

150 1851 269 1874 (hemia

137 1887 293 1910 tractanda.

77 1958 231 1982 Tractatus
254 1964 304 1986 por

68 2000 185 2023 propos.
207 1993 311 2016 ‹listin-

127 2029 246 2058 gucndi.

103 2169 288 2194 l'mbationvs

101 2213 115 2228 a
139 2206 261 2229 nnnthv-si
283 2209 310 2229 vt

92 2242 223 2270 «νειμ-ΠΜ
265 2249 267 2252 ⁴

139 2284 175 2299 ιιι(

334 190 420 231 346
519 200 629 235 Ratio
656 201 857 236 studiorum
886 206 924 237 et
949 201 1203 237 institutiones
1229 201 1474 238 scholasticae
1500 201 1695 238 Societatis
1720 202 1809 239 Jesu
1833 203 1872 239 II

1211 324 1346 378 prout
1378 321 1549 363 Rector
1581 322 1804 364 statuerit.
1856 322 1912 364 In
1943 337 2066 364 men-

1213 393 1349 434 struis
1381 391 1520 433 etiam
1563 391 1949 449 disputationibus
1987 392 2067 434 ali-

1216 479 1330 519 quae
1364 463 1675 506 conclusiones
1707 479 1761 506 ex
1780 462 2068 522 philosophia

1214 535 1378 577 morali
1413 549 1588 592 semper
1619 535 1906 592 adjiciantur.

1360 618 1439 664 29.
1506 624 1656 669 [Cursus
1683 625 1851 671 annuus]
1897 618 2066 660 Totum

1217 704 1398 732 cursum
1430 690 1553 732 intra
1586 704 1755 731 annum
1769 691 1786 745 ,'
1816 688 1906 730 nisi
1943 687 2068 730 aliud

1217 759 1472 803 academiae
1523 775 1619 803 mos
1666 761 1934 818 postularet,
1993 759 2068 801 ab-

1217 832 1378 875 solvat.

1020 1030 1114 1081 Pro
1154 1031 1376 1095 Physica.

1132 1126 1259 1169 1832.

478 1242 507 1276 V
520 1254 538 1276 o
551 1242 602 1276 rb
620 1253 714 1276 eme
730 1243 902 1287 rkung.
953 1242 1022 1277 Die
1048 1243 1124 1278 alte
1151 1243 1194 1279 R.
1221 1246 1266 1278 st.
1294 1242 1513 1278 bellandelte
1535 1243 1594 1278 die
1608 1244 1752 1287 Regeln
1768 1245 1826 1279 fiir
1849 1244 1920 1279 den
1938 1245 2069 1280 Unter-

334 1302 430 1337 richt
453 1302 490 1337 in
515 1302 578 1336 dor
604 1301 741 1346 Physik
767 1302 804 1337 in
829 1303 899 1337 (len
926 1303 1171 1347 allgemeinen
1191 1302 1336 1346 Regeln
1358 1301 1605 1345 „Professoris
1632 1303 1928 1347 Phssosophiae“‚
1955 1314 1989 1341 n.
2018 1305 2071 1349 10·

334 1361 400 1397 Die
426 1372 519 1396 neue
545 1361 588 1396 R.
616 1365 660 1396 st.
689 1366 808 1396 setzte
835 1362 964 1407 eigens
990 1362 1049 1397 die
1074 1362 1275 1407 folgenden
1300 1362 1391 1398 fest:

481 1455 570 1503 30.
617 1456 888 1499 Professoris
919 1458 1133 1515 physicae
1164 1462 1242 1513 est,
1276 1457 1533 1515 praemissis
1554 1457 1820 1500 notionibus
1853 1458 2073 1514 generali-

276 1502 300 1518 11·

333 1529 416 1571 bus
448 1528 502 1570 de
520 1543 757 1585 corporum
778 1529 1143 1586 proprietatibus,
1174 1529 1398 1586 explicare
1422 1529 1724 1585 dynamicam,
1743 1529 2068 1586 mechanicam,

338 1599 723 1656 hydrostaticam,
754 1600 1091 1657 hydraulicam,
1137 1600 1466 1655 aerostaticam,
1506 1600 1843 1657 pneumaticam
1875 1605 1920 1643 et
1953 1616 2069 1657 quae

331 1671 388 1713 ad
420 1671 530 1713 haec
562 1671 837 1713 referuntur:
874 1672 1095 1714 elementa
1127 1671 1448 1713 astronomiae:
1490 1675 1712 1713 tractatus
1753 1672 1806 1714 de
1851 1672 1965 1727 luce,
2015 1672 2069 1715 de

332 1742 491 1796 calore,
525 1741 578 1784 de
610 1743 913 1799 electricitate,
947 1744 1001 1785 de
1033 1743 1335 1798 magnetismo
1369 1747 1413 1784 et
1445 1742 1483 1784 si
1504 1742 1738 1785 videbitur
1761 1743 1815 1785 de
1843 1744 2067 1786 meteoris·

474 1812 546 1860 31.
611 1813 717 1856 Che
731 1815 912 1870 miam,
951 1815 1030 1858 ubi
1068 1830 1186 1857 unus
1224 1826 1290 1856 est
1329 1819 1509 1856 tantum
1560 1813 1775 1871 physicae
1824 1814 2067 1869 Professor,

338 1885 514 1928 brevius
546 1889 803 1941 pertractet.

475 1954 558 2002 32.
610 1957 675 2000 Ut
706 1956 885 1999 facilius
916 1957 997 1999 has
1029 1957 1292 2015 disciplinas
1315 1956 1552 1999 addiscant
1575 1956 1816 2010 auditores,
1849 1959 2068 1998 tractatus

331 2042 435 2069 suos
458 2027 713 2083 distinguat
743 2028 895 2084 potius
915 2028 1312 2085 propositionibus,
1337 2027 1585 2070 corollariis
1607 2041 1675 2081 zon,
1696 2042 1831 2083 quam
1853 2027 2067 2069 historico

332 2098 464 2140 modo
496 2102 740 2155 percurrat.

474 2168 555 2215 33.
620 2170 990 2226 Propositionum
1023 2171 1312 2227 probationes
1344 2170 1560 2212 adhibeat
1591 2168 1655 2210 rei
1692 2169 2066 2224 accommodatas,

229 2248 302 2264 ·⁵'¹·
333 2255 493 2295 easque
525 2240 730 2282 desumat
762 2245 860 2282 tum
894 2257 947 2283 ex
979 2241 1308 2298 experimentis,
1341 2246 1438 2283 tum
1471 2256 1523 2282 ex
1556 2239 1745 2282 mathesi
1778 2243 1885 2295 (non
1916 2245 2067 2283 tamen

331 2311 598 2366 sublimiori,
631 2312 720 2353 nisi
752 2312 800 2353 in
831 2313 964 2355 tertio
997 2316 1145 2368 anno).
1197 2314 1359 2369 Itaque
1390 2327 1481 2354 non
1502 2312 1564 2353 sic
1586 2311 1738 2353 omnia
1761 2310 1817 2353 acl
1841 2311 2065 2353 calculum

331 2383 527 2438 redigat,
568 2388 621 2424 ut
658 2383 811 2425 nullus
851 2385 940 2426 fere
979 2384 1298 2442 experimentis
1336 2385 1460 2426 locus
1501 2386 1751 2436 remaneat,
1784 2398 1865 2424 nec
1897 2384 2066 2440 experi-

334 2455 497 2495 mentis
529 2454 594 2496 ita
624 2454 818 2509 insistat,
851 2461 903 2497 ut
935 2471 1044 2512 pure
1075 2455 1437 2514 experimentalis
1469 2454 1659 2496 seientia
1690 2454 1912 2497 Videatur.

477 2524 553 2571 34.
616 2526 843 2580 Theorias,
877 2531 1124 2583 systemata
1157 2532 1201 2569 et
1231 2526 1501 2583 hypotheses
1532 2525 1599 2567 ita
1621 2530 1831 2582 exponat,
1864 2529 1931 2580 ut,
1966 2526 2066 2581 quis

260 2594 296 2609 '⁰‘
336 2596 394 2637 sit
426 2596 472 2637 in
505 2596 698 2651 singulis
731 2598 1014 2639 certitudinis
1047 2603 1125 2640 aut
1156 2597 1493 2655 probabilitatis
1525 2597 1706 2652 gradUS,
1739 2600 1967 2653 appareat.

475 2666 554 2712 35.
620 2669 732 2709 Cum
765 2668 876 2710 haec
908 2669 1102 2710 facultas
1133 2670 1182 2710 in
1205 2669 1297 2710 dies
1318 2682 1439 2709 nova
1460 2668 1737 2709 incrementa
1756 2667 1964 2723 accipiat,
1996 2666 2065 2708 sui

332 2737 466 2779 officii
505 2754 596 2779 esse
636 2738 773 2780 ‹luc-at
811 2740 1045 2781 Professor
1091 2741 1338 2782 recentiora
1384 2739 1573 2781 inventa
1612 2752 1894 2793 cognoscere,
1934 2743 1986 2779 ut
2016 2737 2065 2778 in

332 2809 711 2865 praelectionibus
743 2825 844 2852 cum
876 2811 974 2868 ipsa
1005 2812 1192 2853 scientia
1223 2810 1432 2867 progredi
1464 2809 1619 2866 possit.

476 2879 552 2925 36.
619 2881 930 2936 Repetitiones
962 2887 1007 2923 et
1045 2882 1372 2939 disputationes
1404 2881 1518 2923 fiant
1549 2880 1682 2922 modo
1714 2879 1821 2921 huic
1852 2879 2063 2921 scientiae

334 2951 638 3005 convenienti,
672 2968 729 2993 sc.
766 2952 1093 3008 pr‹;›positiones
1133 2952 1505 3001 demonstrando,
1547 2956 1592 2992 et
1627 2951 1914 3007 proponendo
1947 2950 2061 2992 diffi-

332 3023 521 3064 cultates
560 3038 611 3064 ac
642 3023 923 3079 problemata
960 3023 1170 3081 physica,
1213 3022 1521 3080 phaenomena
1561 3022 1788 3065 naturalia
1818 3025 1862 3063 et
1893 3021 2062 3078 experi-

333 3099 485 3137 menta
516 3094 798 3151 explicando.
