2143 3462
244 2220 270 2243 p.
285 2212 346 2236 7⁵0.

369 194 456 237 220
540 205 650 239 Ratio
678 206 881 240 studiorum
908 211 946 241 et
969 207 1225 242 institutiones
1252 205 1492 242 scholasticae
1517 209 1712 243 Societatis
1738 209 1828 244 Jesu
1853 210 1892 244 II

675 326 1025 383 (Propositaz)

428 410 498 451 53.
532 406 722 462 Petitur,
761 413 831 463 vt,
877 410 1235 466 quandocunque
1281 409 1328 450 in

370 478 528 519 feriam
583 478 746 521 festum
795 480 1022 533 inciderit,
1076 479 1329 522 vacationis

368 549 461 590 dies
510 550 793 592 concedatur.
856 552 902 593 id
948 551 1068 593 enim
1116 551 1329 593 convenit

368 636 469 662 011111
491 635 583 675 reg.
607 624 675 665 39.
700 622 969 663 Professoris
999 621 1326 678 Philosophiae.

368 692 430 733 Et
461 692 508 734 in
532 692 601 734 his
633 692 741 735 10015
764 697 974 734 tenentur
996 692 1205 747 Magistri
1227 708 1328 734 011111

368 763 599 820 discipulis
631 764 739 805 totis
771 763 896 805 festis
927 764 1085 806 diebus
1116 763 1330 805 interesse

369 836 609 889 Concioni,
646 836 781 877 Sacro
813 838 859 875 et
882 834 1090 891 Vesperis
1122 835 1329 878 cantatis,

427 981 496 1022 65.
530 978 631 1018 Non
665 977 838 1032 placuit
879 977 1039 1018 modus
1077 976 1154 1018 ille
1192 977 1332 1018 adsci-

373 1049 525 1091 scendi
550 1047 767 1103 quosdam
802 1047 850 1088 in
881 1051 1122 1104 perpetuos
1150 1048 1332 1089 Praece-

365 1124 529 1175 ptores.
565 1119 745 1160 videtur
775 1118 895 1160 enim
918 1118 1078 1161 modus
1105 1118 1331 1174 050011011-

375 1191 504 1234 ticus,
567 1190 712 1231 Multo
752 1190 902 1231 minus
942 1190 1103 1246 placet,
1135 1190 1255 1244 quod
1286 1189 1333 1230 in

376 1262 555 1316 Regula
576 1260 801 1303 Praefecti
820 1261 1087 1302 inferiorum
1111 1260 1334 1302 Classium

376 1333 556 1385 dicitur,
581 1336 816 1388 perpetuos
838 1348 929 1373 non
953 1332 1111 1374 debere
1131 1331 1335 1373 habitare

372 1404 419 1445 in
452 1403 606 1445 eodem
628 1403 830 1458 Collegio
854 1418 955 1445 011111
980 1418 1071 1445 11011
1092 1403 1331 1460 perpetuis.

375 1478 477 1528 (66.)
509 1474 873 1531 Temperandum
923 1489 1102 1530 quoque
1153 1473 1334 1516 videtur

367 1545 487 1600 quod
519 1545 723 1587 additur:
765 1546 1083 1601 Praeceptores
1114 1560 1205 1587 non
1238 1560 1332 1602 per-

365 1620 523 1672 petuos
555 1631 647 1658 non
681 1616 838 1658 debere
870 1616 1026 1658 docere
1049 1617 1170 1659 ultra
1195 1617 1331 1658 trien-

367 1687 495 1729 nium
527 1688 622 1729 sine
655 1687 839 1730 licentia
872 1688 1118 1732 Generalis,

425 1761 496 1802 95.
529 1760 652 1800 Petit
684 1759 930 1800 Provincia
962 1759 1204 1801 Austriaca
1244 1759 1332 1801 dis-

366 1829 675 1885 pensationem
687 1830 741 1871 de
751 1830 770 1851 *
789 1830 1073 1872 Catechismo
1082 1845 1161 1887 per
1172 1829 1329 1871 horam

365 1900 585 1954 docendo,
626 1916 762 1957 quam
796 1901 1007 1943 Rhenani
1039 1905 1084 1943 et
1119 1901 1331 1957 Superior

366 1972 612 2014 Grermania
627 1988 653 2014 a
670 1973 726 2014 R.
741 1973 790 2013 P.
808 1973 864 2013 N.
889 1972 1000 2014 alias
1019 1972 1328 2015 obtinuerunt.

554 2583 606 2630 In
646 2582 858 2645 Regulas
898 2582 1134 2630 RectoriS.

430 2666 499 2705 60.
533 2663 722 2717 Petitur,
747 2669 798 2704 ut
820 2663 867 2704 in
888 2662 1181 2705 Academiam
1201 2662 1330 2718 quin-

369 2733 592 2789 quaginta
613 2738 837 2789 optentur,
860 2733 997 2776 etiam
1017 2748 1108 2774 non
1130 2732 1329 2786 Sodales,

369 2804 449 2846 ubi
490 2804 680 2860 exiguus
724 2819 939 2847 numerus
977 2803 1210 2846 Sodalium
1249 2806 1328 2845 est.

450 2889 520 2938 Ex
559 2888 676 2951 Reg.
719 2889 874 2938 Praef.
917 2889 1056 2937 Infer.
1101 2888 1250 2938 Class.

429 2974 469 3016 8.
503 2970 738 3013 Hebraeae
768 2970 952 3025 linguae
992 2984 1099 3012 cura
1135 2970 1333 3026 pertinet

370 3042 426 3087 ad
458 3041 740 3085 Praefectum
773 3040 1028 3096 Superioris
1060 3040 1240 3084 Classis.

512 3126 530 3147 ’¹‘
565 3124 735 3160 Rectius:
765 3134 839 3169 pm.

1552 327 1886 384 (Responsaz)

1427 409 1506 451 Ad
1556 412 1626 454 53.
1675 411 1731 452 R.
1819 412 1933 453 Cum
1985 411 2072 454 hoc

1367 480 1549 523 nonnisi
1581 496 1681 522 raro
1725 481 1923 536 accidat,
1956 481 2072 523 nihil

1368 550 1548 594 videtur
1567 552 1856 595 mutandum:
1892 552 2072 608 quando

1368 626 1516 664 autem
1526 638 1604 679 per
1617 623 1764 679 plures
1774 623 2073 665 hebdomades

1367 693 1412 735 id
1452 694 1668 748 eueniret,
1708 694 1828 736 unde.
1858 694 2073 736 recreatio

1368 764 1749 807 Scholasticorum
1765 764 2075 821 impediretur,

1368 835 1669 878 Provincialis
1728 835 1904 890 videat,
1965 835 2076 891 quid

1369 906 1608 960 agendum.

1430 978 1509 1019 Ad
1542 980 1611 1020 65.
1645 978 1700 1019 R.
1759 977 2074 1020 Considerabi-

1370 1053 1464 1102 tur,
1511 1048 1621 1104 quid
1662 1048 1806 1103 magis
1847 1048 2073 1105 expediat,

1371 1135 1472 1162 011111
1490 1134 1557 1161 res
1575 1120 1632 1161 ad
1652 1119 1911 1162 universam
1930 1119 2075 1161 Socie-

1372 1195 1515 1232 tatem
1546 1194 1735 1246 spectet:
1769 1190 1883 1232 illud
1924 1195 2075 1231 autem

1373 1265 1544 1303 eertum
1587 1265 1673 1315 est,
1724 1261 1910 1302 modum
1956 1261 2076 1302 hunc

1372 1347 1464 1374 non
1497 1348 1591 1374 esse
1624 1331 1878 1388 politicum.

1429 1476 1512 1517 Ad
1545 1479 1613 1519 60¹.
1648 1476 1703 1517 R.
1766 1475 1819 1517 Id
1851 1475 1972 1531 quod
2005 1490 2076 1517 ac-

1371 1546 1746 1589 commodabitur.

1428 1761 1508 1803 Ad
1531 1763 1599 1804 95.
1622 1761 1676 1804 R.
1728 1752 1869 1801 Nobis
1890 1759 2071 1815 quidem

1370 1832 1565 1885 videtur,
1584 1830 1820 1873 dimidiam
1844 1830 1951 1872 satis
1966 1845 2070 1884 esse,

1370 1903 1407 1945 si
1447 1903 1594 1946 velint
1626 1901 1957 1944 Catechismum
2000 1901 2076 1943 do-

1369 1989 1467 2016 cere
1504 1979 1548 2016 et
1589 1988 1682 2015 non
1719 1973 1869 2030 potius
1901 1973 2075 2015 concio-

1369 2046 1483 2101 nari⁷
1516 2045 1780 2102 praesertim
1814 2060 1913 2086 cum
1945 2045 2079 2086 semel

1368 2118 1417 2160 in
1439 2117 1723 2160 hebdomada
1743 2117 1841 2158 fiat:
1868 2116 1903 2157 si
1925 2120 2075 2157 tamen

1371 2188 1374 2247 Ι
1410 2189 1618 2231 videatur
1669 2188 1851 2243 longius
1898 2191 2077 2243 tempus

1367 2259 1680 2313 necessarium,
1711 2258 1866 2301 videat
1886 2257 2078 2300 Provin—

1370 2331 1497 2372 cialis
1524 2334 1568 2372 et
1588 2334 1770 2383 statuat,
1800 2329 1909 2385 quid
1940 2344 2077 2384 agen-

1369 2403 1498 2456 dum⁷
1550 2401 1684 2443 modo
1730 2416 1823 2443 non
1873 2400 2081 2442 turbetur

1369 2473 1476 2515 ordo
1499 2471 1877 2514 exercitationum
1893 2471 1943 2512 in
1964 2470 2080 2513 libro

1368 2542 1684 2601 praescriptus.

1425 2661 1467 2704 A
1482 2661 1510 2703 d
1534 2663 1603 2706 60.
1627 2662 1681 2703 R.
1723 2661 2010 2715 Conceditur,
2028 2664 2080 2703 ut

1366 2734 1463 2775 fieri
1495 2733 1638 2790 possit
1670 2732 1858 2775 arbitrio
1890 2732 2080 2774 Provin-

1367 2804 1505 2846 cialis.

1352 2887 1356 2921 1

1348 2927 1352 3016 1
1428 2971 1509 3013 Ad
1531 2973 1570 3014 8.
1593 2970 1649 3012 R.
1682 2969 1890 3011 Tolletur
1912 2984 1966 3010 ex
1995 2969 2080 3011 hoc

1347 3023 1468 3091 11000
1498 3041 1659 3097 lingua
1689 3039 1910 3081 hebraica.
