2143 3462
105 2220 262 2244 Biennium
284 2221 317 2244 ad

83 2256 186 2280 Theoi.
211 2260 341 2287 rvpeteu-

359 182 445 234 238

548 191 659 235 Ratio
687 191 892 236 studiorum
917 204 956 235 et
979 191 1238 237 institutiones
1264 192 1506 237 scholasticae
1533 192 1731 237 Societatis
1756 193 1846 238 jesu
1870 193 1909 237 Ii

359 319 530 361 ciarum
546 334 643 362 usu.
678 320 769 363 Ubi
790 325 942 362 autem
957 326 1047 362 tres
1061 325 1206 374 erunt,

359 390 496 432 tertia
527 391 659 433 lectio
693 391 778 433 erit
809 392 993 433 moralis
1019 392 1208 433 Theolo-

358 461 472 515 giae,
506 461 554 503 in
587 477 674 518 qua
707 478 761 504 ex
780 462 978 519 professo
1002 468 1046 504 et
1065 462 1207 504 solide

358 532 863 589 explicenturmateriae
876 534 1080 587 morales,
1097 548 1207 588 quae

361 604 415 645 ab
464 604 703 646 ordinariis
751 604 1084 646 Professoribus
1134 604 1206 646 vel

359 675 544 716 omnino
587 675 887 732 praetermitti
926 675 999 717 vel
1038 674 1207 716 brevis-

358 746 467 787 sime
518 746 764 803 perstringi
815 746 973 788 solent.
1060 745 1207 794 Quam

359 816 540 872 quidem
571 817 813 859 lectionem
835 816 992 859 Nostri
1025 816 1207 857 biennio

358 889 516 929 saltem
538 888 738 942 audiant,
773 888 1002 943 alteroque
1023 887 1206 929 biennio

359 960 639 1017 Scripturam
672 960 883 1001 sacram.l

449 1150 486 1201 ξ.
520 1151 559 1193 2.
612 1147 735 1190 Illud
775 1151 925 1190 autem
962 1147 1011 1189 in
1049 1146 1207 1204 primis

358 1219 633 1273 meminerit,
677 1234 769 1261 non
817 1234 908 1260 esse
949 1219 1005 1260 ad
1045 1218 1209 1261 Cathe-

359 1291 460 1332 dras
513 1290 809 1346 Theologicas
864 1289 1207 1347 promovendos,

358 1362 446 1403 nisi
491 1362 569 1418 qui
609 1377 717 1417 erga
755 1362 799 1404 S.
832 1361 1051 1404 Thomam
1097 1361 1209 1403 bene

359 1434 510 1475 affecti
547 1433 738 1487 fuerint,
789 1432 868 1489 qui
908 1447 1015 1475 vero
1059 1433 1116 1475 ab
1156 1448 1206 1474 eo

358 1505 496 1547 alieni
527 1510 646 1560 sunt,
679 1505 751 1547 vel
774 1505 908 1546 etiam
932 1504 1026 1560 ejus
1047 1519 1207 1561 parum

357 1575 574 1631 studiosi,
622 1591 648 1618 a
685 1576 877 1618 docendi
917 1590 1100 1619 munere
1139 1590 1207 1617 re-

358 1649 600 1705 pellantur.

1243 320 1453 362 materias
1485 320 1696 375 morales,
1738 335 1852 376 quae
1884 321 1940 363 ab
1973 321 2091 363 ordi-

1244 391 1384 433 nariis
1421 391 1745 448 professoribus
1782 392 1856 434 νε]
1907 391 2091 433 omnino

1247 462 1398 504 omitti
1429 463 1503 505 νε]
1539 462 1802 504 brevissime
1847 462 2093 520 perstringi

1246 534 1402 575 solent.
1466 532 1612 582 Quam
1645 533 1826 589 quidem
1857 533 2092 575 lectionem

1245 604 1387 646 nostri
1439 603 1622 646 biennio
1674 604 1835 645 saltem
1891 603 2092 657 audiant,

1246 676 1474 731 alteroque
1503 675 1686 717 biennio
1714 675 1995 732 Scripturam
2024 690 2093 716 sa-

1246 762 1379 789 cram.
1419 747 1474 788 In
1494 747 1549 787 iis
1570 751 1735 801 tamen,
1760 761 1874 802 quae
1896 746 1953 788 ad
1971 745 2094 787 theo*-

1245 818 1393 874 logiae
1434 817 1617 859 moralis
1657 822 1756 859 tum
1800 816 2092 874 professorem

1243 894 1341 931 tum
1356 888 1569 930 lectiones
1585 888 1829 944 pertinent,
1852 888 2091 943 regionum

1247 975 1297 1002 ac
1336 959 1674 1017 provinciarum
1711 959 1941 1002 variarum
1977 959 2094 1001 ratio

1243 1031 1476 1073 habeatur.

1334 1153 1372 1203 ξ.
1408 1153 1446 1194 2.
1487 1150 1726 1191 Praeterea
1756 1149 2007 1206 provideat,
2041 1154 2094 1191 ut

1246 1222 1338 1263 sint
1370 1235 1542 1278 semper
1575 1221 1716 1276 aliqui
1748 1236 1771 1262 e
1792 1220 1983 1275 Nostris,
2017 1221 2095 1276 qui

1245 1293 1369 1335 intra
1388 1292 1735 1348 quadriennium
1753 1292 1845 1348 juri
1864 1292 2095 1346 canonico,

1246 1363 1460 1405 historiae
1499 1363 1825 1405 ecclesiasticae
1863 1367 1908 1404 et
1939 1363 2096 1404 ceteris

1246 1433 1498 1490 disciplinis
1514 1433 1782 1489 theologicis
1799 1433 2094 1490 applicentur,

1245 1520 1301 1547 ne
1318 1519 1534 1560 umquam
1552 1504 1667 1546 desit
1685 1504 1816 1561 copia
1831 1504 2095 1546 idoneorum

1246 1576 1547 1634 professorum
1578 1576 1627 1617 in
1666 1575 1925 1632 hujusmodi
1955 1575 2097 1618 facul-

1245 1647 1430 1691 tatibus.

1336 1723 1374 1773 ξ.
1408 1722 1448 1764 3.
1502 1718 1622 1761 Illud
1663 1722 1815 1760 autem
1852 1718 1901 1760 in
1939 1718 2096 1776 primis

1245 1789 1517 1845 meminerit,
1551 1804 1644 1832 non
1666 1804 1758 1831 esse
1782 1789 1838 1832 ad
1859 1789 2096 1832 cathedras

1245 1861 1525 1918 theologicas
1544 1861 1887 1918 promovendos,
1909 1861 1997 1903 nisi
2018 1861 2095 1917 qui

1246 1948 1352 1989 erga
1375 1933 1656 1975 S.Tho1nam
1683 1933 1791 1975 bene
1823 1932 1973 1975 affecti
2003 1932 2098 1974 fue-

1244 2005 1356 2055 rint3
1391 2004 1470 2060 qui
1502 2018 1607 2047 vero
1639 2003 1696 2046 ab
1728 2018 1778 2045 eo
1810 2003 1946 2046 alieni
1978 2008 2099 2058 sunt,

1246 2076 1319 2118 νε]
1351 2075 1487 2117 etiam
1519 2075 1612 2131 ejus
1644 2090 1803 2132 parum
1833 2075 2036 2130 studiosi,
2070 2090 2096 2116 a

1247 2146 1440 2189 docendi
1471 2161 1654 2188 munere
1685 2146 1976 2203 repellantur.

500 2218 575 2265 10.
610 2219 750 2261 Initio
781 2219 931 2276 quarti
954 2219 1060 2261 anni
1086 2233 1188 2260 cum
1209 2219 1414 2272 Rectore,
1447 2216 1695 2271 Praefecto,
1728 2217 1961 2273 Magistris
1983 2216 2095 2259 suis-

357 2306 442 2346 que
475 2291 821 2333 consultoribus
868 2291 1076 2346 designet
1121 2291 1317 2346 aliquos,
1367 2290 1445 2346 qui
1493 2294 1537 2330 et
1573 2288 1788 2345 probatae
1826 2288 2011 2330 virtutis
2047 2288 2095 2329 in

357 2361 514 2417 primis
545 2362 638 2403 sint
671 2368 715 2403 et
746 2362 929 2417 ingenio
962 2362 1182 2419 polleant,
1222 2366 1274 2403 ut
1314 2361 1371 2403 ad
1402 2359 1696 2415 Theologiam
1728 2359 1945 2416 privatim
1976 2375 2096 2416 repe-

356 2432 538 2474 tendam
572 2437 616 2473 et
648 2432 877 2475 habendos
909 2438 1048 2488 actuS,
1084 2433 1337 2491 Superioris
1370 2432 1571 2487 arbitrio,
1610 2430 1802 2485 biennio,
1835 2435 1887 2473 ut
1919 2430 2096 2473 Consti-

356 2503 554 2544 tutiones
580 2503 789 2559 jubent,2
827 2504 1058 2561 privatum
1100 2510 1144 2546 et
1177 2505 1381 2561 quietum
1414 2503 1614 2545 studium
1646 2502 1865 2557 habeant,
1914 2502 1966 2544 de
2006 2517 2094 2558 quo

357 2574 536 2629 privata
567 2575 754 2618 inferius
786 2577 871 2618 erit
903 2576 1163 2619 instructio:
1212 2591 1266 2617 ex
1298 2574 1482 2631 qui'buS,
1530 2573 1609 2615 ubi
1648 2573 1846 2628 regionis
1886 2588 1980 2614 mos
2012 2577 2092 2627 est,

357 2650 571 2700 poterunt
607 2646 763 2701 aliqui,
804 2647 926 2688 facta
956 2663 982 2689 a
1014 2646 1224 2688 Grenerali
1256 2651 1498 2703 potestate,
1535 2645 1589 2687 ad
1625 2645 1791 2700 gradus
1823 2645 2094 2686 Doctoratus

358 2716 429 2757 vel
461 2717 715 2772 Magisterii
747 2718 1042 2774 promove1*i.³

507 2990 515 3009 ¹
544 2988 610 3024 Die
637 2989 743 3024 Satzc
771 3000 840 3024 von
870 2988 958 3032 „Ubi
987 2990 1129 3025 aute1n“
1158 2989 1213 3025 bis
1243 2989 1296 3032 „b.
1324 2989 1455 3033 script..
1485 2993 1646 3025 sacram“
1677 2989 1797 3025 fehlen
1825 2988 1861 3023 in
1889 2999 1935 3023 m.

506 3051 518 3070 ²
544 3050 583 3086 P.
609 3052 643 3084 4.
670 3061 700 3084 c,
725 3051 758 3084 6.
785 3061 819 3084 n.
848 3050 902 3084 14.
929 3054 966 3084 et
995 3052 1054 3093 163
1082 3062 1110 3084 c.
1140 3051 1194 3084 15.
1222 3061 1254 3086 ιι.
1283 3053 1314 3084 3.

506 3110 518 3129 ³
545 3110 636 3153 Reg.
665 3109 769 3144 Prov.
797 3111 853 3143 52.
881 3113 918 3143 et
944 3111 999 3143 62.
1028 3110 1070 3144 V.
1099 3115 1184 3143 tom.
1212 3110 1253 3150 I.,
1282 3120 1314 3153 p.
1347 3110 1409 3143 127
1439 3110 1510 3143 und
1544 3112 1618 3143 129.
