<?xml version="1.0" encoding="UTF-8"?>
<!DOCTYPE html PUBLIC "-//W3C//DTD XHTML 1.0 Transitional//EN"
    "http://www.w3.org/TR/xhtml1/DTD/xhtml1-transitional.dtd">
<html xmlns="http://www.w3.org/1999/xhtml" xml:lang="en" lang="en">
 <head>
  <title>
</title>
<meta http-equiv="Content-Type" content="text/html;charset=utf-8" />
  <meta name='ocr-system' content='tesseract 3.04.00' />
  <meta name='ocr-capabilities' content='ocr_page ocr_carea ocr_par ocr_line ocrx_word'/>
</head>
<body>
  <div class='ocr_page' id='page_1' title='image "./ratiostudiorumet05jesu_0165.png"; bbox 0 0 2148 3402; ppageno 0'>
   <div class='ocr_carea' id='block_1_1' title="bbox 578 201 1805 255">
    <p class='ocr_par' dir='ltr' id='par_1_1' title="bbox 578 201 1805 255">
     <span class='ocr_line' id='line_1_1' title="bbox 578 201 1805 255; baseline -0.003 -8"><span class='ocrx_word' id='word_1_1' title='bbox 578 212 621 247; x_wconf 92' lang='lat' dir='ltr'>R.</span> <span class='ocrx_word' id='word_1_2' title='bbox 648 215 695 247; x_wconf 86' lang='lat' dir='ltr'>st.</span> <span class='ocrx_word' id='word_1_3' title='bbox 723 213 825 247; x_wconf 84' lang='lat'>1586.</span> <span class='ocrx_word' id='word_1_4' title='bbox 875 210 1127 246; x_wconf 78' lang='lat' dir='ltr'>Humanitatis</span> <span class='ocrx_word' id='word_1_5' title='bbox 1153 211 1337 255; x_wconf 74' lang='lat' dir='ltr'><strong>magistri.</strong></span> <span class='ocrx_word' id='word_1_6' title='bbox 1722 201 1805 244; x_wconf 83' lang='lat'>149</span> 
     </span>
    </p>
   </div>
   <div class='ocr_carea' id='block_1_2' title="bbox 816 282 1764 290">
    <p class='ocr_par' dir='ltr' id='par_1_2' title="bbox 816 282 1764 290">
     <span class='ocr_line' id='line_1_2' title="bbox 816 282 1764 290; baseline 0 0"><span class='ocrx_word' id='word_1_7' title='bbox 816 282 1764 290; x_wconf 95' lang='lat' dir='ltr'> </span> 
     </span>
    </p>
   </div>
   <div class='ocr_carea' id='block_1_3' title="bbox 101 329 1806 3162">
    <p class='ocr_par' dir='ltr' id='par_1_3' title="bbox 101 329 1806 3162">
     <span class='ocr_line' id='line_1_3' title="bbox 111 329 1806 387; baseline 0.001 -15"><span class='ocrx_word' id='word_1_8' title='bbox 111 345 203 372; x_wconf 90' lang='lat' dir='ltr'>non</span> <span class='ocrx_word' id='word_1_9' title='bbox 235 345 394 387; x_wconf 90' lang='lat' dir='ltr'>parum</span> <span class='ocrx_word' id='word_1_10' title='bbox 425 329 589 372; x_wconf 85' lang='lat' dir='ltr'>futuris</span> <span class='ocrx_word' id='word_1_11' title='bbox 623 329 956 386; x_wconf 80' lang='lat' dir='ltr'>Superioribus:</span> <span class='ocrx_word' id='word_1_12' title='bbox 996 329 1250 386; x_wconf 78' lang='lat' dir='ltr'><strong>experimur</strong></span> <span class='ocrx_word' id='word_1_13' title='bbox 1289 329 1408 371; x_wconf 89' lang='lat' dir='ltr'>enim</span> <span class='ocrx_word' id='word_1_14' title='bbox 1448 344 1669 385; x_wconf 75' lang='lat' dir='ltr'>nusquam</span> <span class='ocrx_word' id='word_1_15' title='bbox 1709 347 1806 373; x_wconf 90' lang='lat' dir='ltr'>ma-</span> 
     </span>
     <span class='ocr_line' id='line_1_4' title="bbox 110 399 1802 456; baseline 0.001 -14"><span class='ocrx_word' id='word_1_16' title='bbox 110 401 249 443; x_wconf 90' lang='lat' dir='ltr'>iorem</span> <span class='ocrx_word' id='word_1_17' title='bbox 279 401 499 442; x_wconf 88' lang='lat' dir='ltr'>rationem</span> <span class='ocrx_word' id='word_1_18' title='bbox 531 401 782 443; x_wconf 89' lang='lat' dir='ltr'>studiorum</span> <span class='ocrx_word' id='word_1_19' title='bbox 815 404 858 442; x_wconf 90' lang='lat' dir='ltr'>et</span> <span class='ocrx_word' id='word_1_20' title='bbox 878 400 1184 443; x_wconf 84' lang='lat' dir='ltr'>Professorum</span> <span class='ocrx_word' id='word_1_21' title='bbox 1215 399 1385 455; x_wconf 87' lang='lat' dir='ltr'>haberi,</span> <span class='ocrx_word' id='word_1_22' title='bbox 1420 416 1555 456; x_wconf 85' lang='lat' dir='ltr'>quam</span> <span class='ocrx_word' id='word_1_23' title='bbox 1588 402 1634 443; x_wconf 89' lang='lat' dir='ltr'>in</span> <span class='ocrx_word' id='word_1_24' title='bbox 1657 403 1802 444; x_wconf 86' lang='lat' dir='ltr'>Colle-</span> 
     </span>
     <span class='ocr_line' id='line_1_5' title="bbox 111 471 1805 528; baseline 0.001 -14"><span class='ocrx_word' id='word_1_25' title='bbox 111 473 211 528; x_wconf 85' lang='lat' dir='ltr'>gijs,</span> <span class='ocrx_word' id='word_1_26' title='bbox 256 487 446 528; x_wconf 88' lang='lat' dir='ltr'>quorum</span> <span class='ocrx_word' id='word_1_27' title='bbox 485 473 702 515; x_wconf 83' lang='lat' dir='ltr'>Rectores</span> <span class='ocrx_word' id='word_1_28' title='bbox 740 471 984 527; x_wconf 88' lang='lat' dir='ltr'>aliquando</span> <span class='ocrx_word' id='word_1_29' title='bbox 1024 471 1291 513; x_wconf 82' lang='lat' dir='ltr'>Scholarum</span> <span class='ocrx_word' id='word_1_30' title='bbox 1336 485 1447 513; x_wconf 91' lang='lat' dir='ltr'>onus</span> <span class='ocrx_word' id='word_1_31' title='bbox 1491 472 1805 516; x_wconf 85' lang='lat' dir='ltr'>sustinuerunt</span> 
     </span>
     <span class='ocr_line' id='line_1_6' title="bbox 111 542 1805 600; baseline 0 -14"><span class='ocrx_word' id='word_1_32' title='bbox 111 547 155 586; x_wconf 87' lang='lat' dir='ltr'>et</span> <span class='ocrx_word' id='word_1_33' title='bbox 201 544 301 600; x_wconf 86' lang='lat' dir='ltr'>alijs</span> <span class='ocrx_word' id='word_1_34' title='bbox 346 544 544 585; x_wconf 90' lang='lat' dir='ltr'>misereri</span> <span class='ocrx_word' id='word_1_35' title='bbox 590 543 845 585; x_wconf 88' lang='lat' dir='ltr'>didicerunt</span> <span class='ocrx_word' id='word_1_36' title='bbox 890 558 943 584; x_wconf 87' lang='lat' dir='ltr'>ex</span> <span class='ocrx_word' id='word_1_37' title='bbox 991 542 1061 599; x_wconf 81' lang='lat' dir='ltr'>ijs,</span> <span class='ocrx_word' id='word_1_38' title='bbox 1112 557 1225 598; x_wconf 91' lang='lat' dir='ltr'>quae</span> <span class='ocrx_word' id='word_1_39' title='bbox 1265 542 1386 598; x_wconf 86' lang='lat' dir='ltr'>passi</span> <span class='ocrx_word' id='word_1_40' title='bbox 1423 546 1546 584; x_wconf 87' lang='lat' dir='ltr'>sunt:</span> <span class='ocrx_word' id='word_1_41' title='bbox 1602 543 1805 599; x_wconf 86' lang='lat' dir='ltr'>alioquin</span> 
     </span>
     <span class='ocr_line' id='line_1_7' title="bbox 110 614 1805 670; baseline -0.001 -13"><span class='ocrx_word' id='word_1_42' title='bbox 110 615 350 657; x_wconf 79' lang='lat' dir='ltr'>effundunt</span> <span class='ocrx_word' id='word_1_43' title='bbox 381 630 425 656; x_wconf 88' lang='lat' dir='ltr'>se</span> <span class='ocrx_word' id='word_1_44' title='bbox 457 618 576 657; x_wconf 90' lang='lat' dir='ltr'>totos</span> <span class='ocrx_word' id='word_1_45' title='bbox 608 614 656 656; x_wconf 91' lang='lat' dir='ltr'>in</span> <span class='ocrx_word' id='word_1_46' title='bbox 687 629 755 656; x_wconf 89' lang='lat' dir='ltr'>res</span> <span class='ocrx_word' id='word_1_47' title='bbox 786 614 910 669; x_wconf 91' lang='lat' dir='ltr'>alias,</span> <span class='ocrx_word' id='word_1_48' title='bbox 943 629 1007 669; x_wconf 91' lang='lat' dir='ltr'>ea,</span> <span class='ocrx_word' id='word_1_49' title='bbox 1047 629 1160 670; x_wconf 88' lang='lat' dir='ltr'>quae</span> <span class='ocrx_word' id='word_1_50' title='bbox 1190 628 1424 669; x_wconf 88' lang='lat' dir='ltr'>nunquam</span> <span class='ocrx_word' id='word_1_51' title='bbox 1456 617 1805 670; x_wconf 82' lang='lat' dir='ltr'>pertractarunt,</span> 
     </span>
     <span class='ocr_line' id='line_1_8' title="bbox 108 684 1805 742; baseline -0.001 -14"><span class='ocrx_word' id='word_1_52' title='bbox 108 702 199 728; x_wconf 91' lang='lat' dir='ltr'>non</span> <span class='ocrx_word' id='word_1_53' title='bbox 237 701 510 742; x_wconf 77' lang='lat' dir='ltr'>magnopere</span> <span class='ocrx_word' id='word_1_54' title='bbox 541 690 876 742; x_wconf 89' lang='lat' dir='ltr'>promouentes,</span> <span class='ocrx_word' id='word_1_55' title='bbox 919 700 1020 727; x_wconf 91' lang='lat' dir='ltr'>cum</span> <span class='ocrx_word' id='word_1_56' title='bbox 1060 689 1213 727; x_wconf 87' lang='lat' dir='ltr'>tamen</span> <span class='ocrx_word' id='word_1_57' title='bbox 1252 700 1332 741; x_wconf 89' lang='lat' dir='ltr'>pro</span> <span class='ocrx_word' id='word_1_58' title='bbox 1373 684 1611 727; x_wconf 87' lang='lat' dir='ltr'>literarum</span> <span class='ocrx_word' id='word_1_59' title='bbox 1643 685 1805 742; x_wconf 86' lang='lat' dir='ltr'>studijs</span> 
     </span>
     <span class='ocr_line' id='line_1_9' title="bbox 109 756 1802 813; baseline 0 -14"><span class='ocrx_word' id='word_1_60' title='bbox 109 757 312 813; x_wconf 82' lang='lat' dir='ltr'>Collegia</span> <span class='ocrx_word' id='word_1_61' title='bbox 354 757 566 798; x_wconf 89' lang='lat' dir='ltr'>instituta</span> <span class='ocrx_word' id='word_1_62' title='bbox 612 756 715 798; x_wconf 90' lang='lat' dir='ltr'>sint.</span> <span class='ocrx_word' id='word_1_63' title='bbox 792 757 1115 812; x_wconf 66' lang='lat' dir='ltr'>Praeterquam</span> <span class='ocrx_word' id='word_1_64' title='bbox 1153 756 1273 812; x_wconf 90' lang='lat' dir='ltr'>quod</span> <span class='ocrx_word' id='word_1_65' title='bbox 1309 756 1518 798; x_wconf 88' lang='lat' dir='ltr'>incidunt</span> <span class='ocrx_word' id='word_1_66' title='bbox 1562 771 1655 798; x_wconf 93' lang='lat' dir='ltr'>non</span> <span class='ocrx_word' id='word_1_67' title='bbox 1702 772 1802 799; x_wconf 87' lang='lat' dir='ltr'>raro</span> 
     </span>
     <span class='ocr_line' id='line_1_10' title="bbox 109 827 1804 884; baseline 0.001 -15"><span class='ocrx_word' id='word_1_68' title='bbox 109 828 396 870; x_wconf 88' lang='lat' dir='ltr'>difficultates</span> <span class='ocrx_word' id='word_1_69' title='bbox 439 827 488 869; x_wconf 89' lang='lat' dir='ltr'>in</span> <span class='ocrx_word' id='word_1_70' title='bbox 527 827 715 881; x_wconf 80' lang='lat' dir='ltr'>Scholis,</span> <span class='ocrx_word' id='word_1_71' title='bbox 761 827 1067 878; x_wconf 72' lang='lat' dir='ltr'>Collegiorum</span> <span class='ocrx_word' id='word_1_72' title='bbox 1107 827 1371 884; x_wconf 88' lang='lat' dir='ltr'>praesertim</span> <span class='ocrx_word' id='word_1_73' title='bbox 1409 827 1650 882; x_wconf 89' lang='lat' dir='ltr'>minorum,</span> <span class='ocrx_word' id='word_1_74' title='bbox 1690 843 1804 883; x_wconf 90' lang='lat' dir='ltr'>quae</span> 
     </span>
     <span class='ocr_line' id='line_1_11' title="bbox 108 898 1805 956; baseline 0.001 -16"><span class='ocrx_word' id='word_1_75' title='bbox 108 899 308 956; x_wconf 85' lang='lat' dir='ltr'>superari</span> <span class='ocrx_word' id='word_1_76' title='bbox 339 898 419 941; x_wconf 74' lang='lat' dir='ltr'>Vix</span> <span class='ocrx_word' id='word_1_77' title='bbox 450 902 651 955; x_wconf 90' lang='lat' dir='ltr'>possunt,</span> <span class='ocrx_word' id='word_1_78' title='bbox 683 898 771 940; x_wconf 89' lang='lat' dir='ltr'>nisi</span> <span class='ocrx_word' id='word_1_79' title='bbox 794 914 819 941; x_wconf 93' lang='lat' dir='ltr'>a</span> <span class='ocrx_word' id='word_1_80' title='bbox 838 899 1030 940; x_wconf 80' lang='lat' dir='ltr'>Rectore</span> <span class='ocrx_word' id='word_1_81' title='bbox 1051 899 1212 940; x_wconf 90' lang='lat' dir='ltr'>harum</span> <span class='ocrx_word' id='word_1_82' title='bbox 1232 913 1382 940; x_wconf 88' lang='lat' dir='ltr'>rerum</span> <span class='ocrx_word' id='word_1_83' title='bbox 1403 898 1569 955; x_wconf 68' lang='lat' dir='ltr'>perito,</span> <span class='ocrx_word' id='word_1_84' title='bbox 1604 899 1805 955; x_wconf 89' lang='lat' dir='ltr'>alioquin</span> 
     </span>
     <span class='ocr_line' id='line_1_12' title="bbox 111 969 1803 1025; baseline 0 -13"><span class='ocrx_word' id='word_1_85' title='bbox 111 970 183 1013; x_wconf 86' lang='grc'>1761</span> <span class='ocrx_word' id='word_1_86' title='bbox 208 985 277 1012; x_wconf 90' lang='grc'>163</span> <span class='ocrx_word' id='word_1_87' title='bbox 307 985 400 1011; x_wconf 89' lang='grc'>11011</span> <span class='ocrx_word' id='word_1_88' title='bbox 431 969 538 1011; x_wconf 82' lang='lat' dir='ltr'>bene</span> <span class='ocrx_word' id='word_1_89' title='bbox 566 969 603 1011; x_wconf 89' lang='lat' dir='ltr'>is</span> <span class='ocrx_word' id='word_1_90' title='bbox 632 970 889 1023; x_wconf 86' lang='lat' dir='ltr'>constituet,</span> <span class='ocrx_word' id='word_1_91' title='bbox 921 969 1007 1024; x_wconf 76' lang='lat' dir='ltr'>vel,</span> <span class='ocrx_word' id='word_1_92' title='bbox 1042 969 1281 1024; x_wconf 83' lang='lat' dir='ltr'>siquando</span> <span class='ocrx_word' id='word_1_93' title='bbox 1311 969 1436 1024; x_wconf 89' lang='lat' dir='ltr'>bene,</span> <span class='ocrx_word' id='word_1_94' title='bbox 1471 985 1600 1025; x_wconf 90' lang='lat' dir='ltr'>aegre</span> <span class='ocrx_word' id='word_1_95' title='bbox 1622 970 1803 1012; x_wconf 88' lang='lat' dir='ltr'>Praece-</span> 
     </span>
     <span class='ocr_line' id='line_1_13' title="bbox 108 1041 1804 1098; baseline 0 -15"><span class='ocrx_word' id='word_1_96' title='bbox 108 1045 259 1098; x_wconf 87' lang='lat' dir='ltr'>ptores</span> <span class='ocrx_word' id='word_1_97' title='bbox 298 1041 596 1096; x_wconf 88' lang='lat' dir='ltr'>acquiescent,</span> <span class='ocrx_word' id='word_1_98' title='bbox 640 1041 721 1083; x_wconf 83' lang='lat' dir='ltr'>vix</span> <span class='ocrx_word' id='word_1_99' title='bbox 764 1041 993 1083; x_wconf 90' lang='lat' dir='ltr'>credentes</span> <span class='ocrx_word' id='word_1_100' title='bbox 1034 1041 1090 1083; x_wconf 89' lang='lat' dir='ltr'>ab</span> <span class='ocrx_word' id='word_1_101' title='bbox 1121 1041 1302 1083; x_wconf 89' lang='lat' dir='ltr'>homine</span> <span class='ocrx_word' id='word_1_102' title='bbox 1334 1041 1495 1096; x_wconf 91' lang='lat' dir='ltr'>ignaro</span> <span class='ocrx_word' id='word_1_103' title='bbox 1527 1046 1645 1083; x_wconf 89' lang='lat' dir='ltr'>recte</span> <span class='ocrx_word' id='word_1_104' title='bbox 1677 1056 1804 1098; x_wconf 89' lang='lat' dir='ltr'>posse</span> 
     </span>
     <span class='ocr_line' id='line_1_14' title="bbox 108 1112 1805 1169; baseline 0.001 -15"><span class='ocrx_word' id='word_1_105' title='bbox 108 1113 194 1155; x_wconf 89' lang='lat' dir='ltr'>ista</span> <span class='ocrx_word' id='word_1_106' title='bbox 231 1112 511 1169; x_wconf 86' lang='lat' dir='ltr'>pertractari.</span> <span class='ocrx_word' id='word_1_107' title='bbox 575 1112 672 1154; x_wconf 89' lang='lat' dir='ltr'>Imo</span> <span class='ocrx_word' id='word_1_108' title='bbox 713 1112 751 1154; x_wconf 86' lang='lat' dir='ltr'>si</span> <span class='ocrx_word' id='word_1_109' title='bbox 791 1113 969 1168; x_wconf 88' lang='lat' dir='ltr'>quando</span> <span class='ocrx_word' id='word_1_110' title='bbox 1009 1116 1212 1169; x_wconf 88' lang='lat' dir='ltr'>oporteat</span> <span class='ocrx_word' id='word_1_111' title='bbox 1250 1112 1424 1168; x_wconf 89' lang='lat' dir='ltr'>aliquid</span> <span class='ocrx_word' id='word_1_112' title='bbox 1463 1113 1598 1169; x_wconf 88' lang='lat' dir='ltr'>paulo</span> <span class='ocrx_word' id='word_1_113' title='bbox 1649 1112 1805 1155; x_wconf 87' lang='lat' dir='ltr'>durius</span> 
     </span>
     <span class='ocr_line' id='line_1_15' title="bbox 106 1183 1803 1241; baseline -0.001 -15"><span class='ocrx_word' id='word_1_114' title='bbox 106 1184 246 1226; x_wconf 89' lang='lat' dir='ltr'>statui</span> <span class='ocrx_word' id='word_1_115' title='bbox 266 1184 314 1226; x_wconf 92' lang='lat' dir='ltr'>in</span> <span class='ocrx_word' id='word_1_116' title='bbox 335 1185 667 1240; x_wconf 88' lang='lat' dir='ltr'>Praeceptores,</span> <span class='ocrx_word' id='word_1_117' title='bbox 701 1184 969 1241; x_wconf 85' lang='lat' dir='ltr'>obstrepunt</span> <span class='ocrx_word' id='word_1_118' title='bbox 1000 1185 1262 1226; x_wconf 71' lang='lat' dir='ltr'>incusantes</span> <span class='ocrx_word' id='word_1_119' title='bbox 1284 1183 1492 1225; x_wconf 74' lang='lat' dir='ltr'>Hectoris</span> <span class='ocrx_word' id='word_1_120' title='bbox 1522 1183 1803 1241; x_wconf 87' lang='lat' dir='ltr'>inexperien-</span> 
     </span>
     <span class='ocr_line' id='line_1_16' title="bbox 105 1255 1802 1312; baseline 0.001 -16"><span class='ocrx_word' id='word_1_121' title='bbox 105 1255 229 1297; x_wconf 83' lang='lat' dir='ltr'>tiam.</span> <span class='ocrx_word' id='word_1_122' title='bbox 299 1255 532 1297; x_wconf 88' lang='lat' dir='ltr'>Ministros</span> <span class='ocrx_word' id='word_1_123' title='bbox 579 1256 716 1297; x_wconf 89' lang='lat' dir='ltr'>etiam</span> <span class='ocrx_word' id='word_1_124' title='bbox 764 1259 990 1311; x_wconf 84' lang='lat' dir='ltr'>oporteret</span> <span class='ocrx_word' id='word_1_125' title='bbox 1033 1256 1157 1312; x_wconf 86' lang='lat' dir='ltr'>prius</span> <span class='ocrx_word' id='word_1_126' title='bbox 1205 1270 1255 1297; x_wconf 87' lang='lat' dir='ltr'>ea</span> <span class='ocrx_word' id='word_1_127' title='bbox 1299 1255 1349 1296; x_wconf 89' lang='lat' dir='ltr'>in</span> <span class='ocrx_word' id='word_1_128' title='bbox 1387 1270 1434 1297; x_wconf 92' lang='lat' dir='ltr'>re</span> <span class='ocrx_word' id='word_1_129' title='bbox 1467 1270 1558 1297; x_wconf 89' lang='lat' dir='ltr'>esse</span> <span class='ocrx_word' id='word_1_130' title='bbox 1588 1260 1802 1311; x_wconf 87' lang='lat' dir='ltr'>versatos,</span> 
     </span>
     <span class='ocr_line' id='line_1_17' title="bbox 107 1326 1803 1382; baseline 0 -14"><span class='ocrx_word' id='word_1_131' title='bbox 107 1326 311 1382; x_wconf 87' lang='lat' dir='ltr'>alioquin</span> <span class='ocrx_word' id='word_1_132' title='bbox 348 1326 539 1368; x_wconf 90' lang='lat' dir='ltr'>nimium</span> <span class='ocrx_word' id='word_1_133' title='bbox 582 1331 771 1368; x_wconf 86' lang='lat' dir='ltr'>onerant</span> <span class='ocrx_word' id='word_1_134' title='bbox 803 1327 1060 1382; x_wconf 79' lang='lat' dir='ltr'>Magistros,</span> <span class='ocrx_word' id='word_1_135' title='bbox 1102 1330 1146 1368; x_wconf 90' lang='lat' dir='ltr'>et</span> <span class='ocrx_word' id='word_1_136' title='bbox 1190 1341 1343 1368; x_wconf 89' lang='lat' dir='ltr'>curam</span> <span class='ocrx_word' id='word_1_137' title='bbox 1383 1326 1597 1368; x_wconf 89' lang='lat' dir='ltr'>maiorem</span> <span class='ocrx_word' id='word_1_138' title='bbox 1636 1326 1803 1369; x_wconf 83' lang='lat' dir='ltr'>habere</span> 
     </span>
     <span class='ocr_line' id='line_1_18' title="bbox 104 1397 1803 1454; baseline 0 -14"><span class='ocrx_word' id='word_1_139' title='bbox 104 1398 321 1440; x_wconf 87' lang='lat' dir='ltr'>videntur</span> <span class='ocrx_word' id='word_1_140' title='bbox 354 1397 637 1440; x_wconf 85' lang='lat' dir='ltr'>Coadiutoris</span> <span class='ocrx_word' id='word_1_141' title='bbox 668 1397 815 1451; x_wconf 86' lang='lat' dir='ltr'>vnius,</span> <span class='ocrx_word' id='word_1_142' title='bbox 856 1413 991 1453; x_wconf 89' lang='lat' dir='ltr'>quam</span> <span class='ocrx_word' id='word_1_143' title='bbox 1025 1399 1227 1439; x_wconf 89' lang='lat' dir='ltr'>omnium</span> <span class='ocrx_word' id='word_1_144' title='bbox 1258 1398 1622 1454; x_wconf 86' lang='lat' dir='ltr'>Praeceptorum:</span> <span class='ocrx_word' id='word_1_145' title='bbox 1675 1398 1803 1454; x_wconf 86' lang='lat' dir='ltr'>Ipsos</span> 
     </span>
     <span class='ocr_line' id='line_1_19' title="bbox 106 1468 1803 1525; baseline 0.001 -15"><span class='ocrx_word' id='word_1_146' title='bbox 106 1470 242 1510; x_wconf 88' lang='lat' dir='ltr'>etiam</span> <span class='ocrx_word' id='word_1_147' title='bbox 274 1469 502 1511; x_wconf 81' lang='lat' dir='ltr'>auditores</span> <span class='ocrx_word' id='word_1_148' title='bbox 535 1484 560 1510; x_wconf 92' lang='lat' dir='ltr'>a</span> <span class='ocrx_word' id='word_1_149' title='bbox 591 1468 755 1524; x_wconf 84' lang='lat' dir='ltr'>studijs</span> <span class='ocrx_word' id='word_1_150' title='bbox 786 1468 1056 1511; x_wconf 85' lang='lat' dir='ltr'>abstrahunt</span> <span class='ocrx_word' id='word_1_151' title='bbox 1079 1469 1224 1511; x_wconf 89' lang='lat' dir='ltr'>alieno</span> <span class='ocrx_word' id='word_1_152' title='bbox 1247 1473 1444 1525; x_wconf 89' lang='lat' dir='ltr'>tempore</span> <span class='ocrx_word' id='word_1_153' title='bbox 1467 1473 1548 1511; x_wconf 86' lang='lat' dir='ltr'>etc.</span> <span class='ocrx_word' id='word_1_154' title='bbox 1600 1469 1803 1511; x_wconf 83' lang='lat' dir='ltr'>Tandem</span> 
     </span>
     <span class='ocr_line' id='line_1_20' title="bbox 105 1540 1803 1597; baseline 0 -15"><span class='ocrx_word' id='word_1_155' title='bbox 105 1540 231 1582; x_wconf 88' lang='lat' dir='ltr'>decet</span> <span class='ocrx_word' id='word_1_156' title='bbox 253 1540 511 1596; x_wconf 81' lang='lat' dir='ltr'>Superiores</span> <span class='ocrx_word' id='word_1_157' title='bbox 532 1540 691 1595; x_wconf 89' lang='lat' dir='ltr'>lingua</span> <span class='ocrx_word' id='word_1_158' title='bbox 712 1540 878 1582; x_wconf 88' lang='lat' dir='ltr'>Latina</span> <span class='ocrx_word' id='word_1_159' title='bbox 905 1541 976 1583; x_wconf 76' lang='lat' dir='ltr'>vti</span> <span class='ocrx_word' id='word_1_160' title='bbox 1007 1556 1147 1597; x_wconf 88' lang='lat' dir='ltr'>posse,</span> <span class='ocrx_word' id='word_1_161' title='bbox 1180 1541 1217 1581; x_wconf 91' lang='lat' dir='ltr'>si</span> <span class='ocrx_word' id='word_1_162' title='bbox 1250 1540 1429 1596; x_wconf 88' lang='lat' dir='ltr'>quando</span> <span class='ocrx_word' id='word_1_163' title='bbox 1462 1544 1637 1596; x_wconf 87' lang='lat' dir='ltr'>oportet</span> <span class='ocrx_word' id='word_1_164' title='bbox 1671 1556 1803 1597; x_wconf 89' lang='lat' dir='ltr'>agere</span> 
     </span>
     <span class='ocr_line' id='line_1_21' title="bbox 106 1611 1803 1667; baseline 0 -14"><span class='ocrx_word' id='word_1_165' title='bbox 106 1626 207 1653; x_wconf 85' lang='lat' dir='ltr'>cum</span> <span class='ocrx_word' id='word_1_166' title='bbox 239 1611 560 1667; x_wconf 70' lang='lat' dir='ltr'>Transalpinis,</span> <span class='ocrx_word' id='word_1_167' title='bbox 594 1626 696 1652; x_wconf 86' lang='lat' dir='ltr'>cum</span> <span class='ocrx_word' id='word_1_168' title='bbox 730 1611 961 1665; x_wconf 75' lang='lat' dir='ltr'>praelatis,</span> <span class='ocrx_word' id='word_1_169' title='bbox 994 1611 1043 1652; x_wconf 92' lang='lat' dir='ltr'>in</span> <span class='ocrx_word' id='word_1_170' title='bbox 1075 1612 1517 1667; x_wconf 85' lang='lat' dir='ltr'>Congregationibus</span> <span class='ocrx_word' id='word_1_171' title='bbox 1549 1616 1646 1666; x_wconf 68' lang='lat' dir='ltr'>etc,</span> <span class='ocrx_word' id='word_1_172' title='bbox 1682 1612 1803 1667; x_wconf 90' lang='lat' dir='ltr'>quod</span> 
     </span>
     <span class='ocr_line' id='line_1_22' title="bbox 104 1682 1802 1739; baseline 0 -15"><span class='ocrx_word' id='word_1_173' title='bbox 104 1682 184 1724; x_wconf 88' lang='lat' dir='ltr'>vix</span> <span class='ocrx_word' id='word_1_174' title='bbox 215 1686 440 1739; x_wconf 90' lang='lat' dir='ltr'>praestare</span> <span class='ocrx_word' id='word_1_175' title='bbox 471 1686 674 1738; x_wconf 88' lang='lat' dir='ltr'>possunt,</span> <span class='ocrx_word' id='word_1_176' title='bbox 715 1682 752 1723; x_wconf 89' lang='lat' dir='ltr'>si</span> <span class='ocrx_word' id='word_1_177' title='bbox 792 1682 977 1737; x_wconf 75' lang='lat' dir='ltr'>linguae</span> <span class='ocrx_word' id='word_1_178' title='bbox 1008 1682 1199 1724; x_wconf 80' lang='lat' dir='ltr'>Latinae</span> <span class='ocrx_word' id='word_1_179' title='bbox 1239 1687 1488 1738; x_wconf 86' lang='lat' dir='ltr'>praecepta,</span> <span class='ocrx_word' id='word_1_180' title='bbox 1532 1698 1645 1738; x_wconf 88' lang='lat' dir='ltr'>quae</span> <span class='ocrx_word' id='word_1_181' title='bbox 1684 1683 1802 1724; x_wconf 91' lang='lat' dir='ltr'>didi-</span> 
     </span>
     <span class='ocr_line' id='line_1_23' title="bbox 108 1753 1802 1807; baseline 0 -12"><span class='ocrx_word' id='word_1_182' title='bbox 108 1757 278 1807; x_wconf 86' lang='lat' dir='ltr'>cerunt,</span> <span class='ocrx_word' id='word_1_183' title='bbox 311 1768 403 1795; x_wconf 91' lang='lat' dir='ltr'>non</span> <span class='ocrx_word' id='word_1_184' title='bbox 436 1754 576 1795; x_wconf 86' lang='lat' dir='ltr'>etiam</span> <span class='ocrx_word' id='word_1_185' title='bbox 607 1768 692 1795; x_wconf 85' lang='lat' dir='ltr'>Vsu</span> <span class='ocrx_word' id='word_1_186' title='bbox 723 1753 914 1794; x_wconf 89' lang='lat' dir='ltr'>docendi</span> <span class='ocrx_word' id='word_1_187' title='bbox 946 1753 1324 1795; x_wconf 82' lang='lat' dir='ltr'>confirmauerint.</span> <span class='ocrx_word' id='word_1_188' title='bbox 1377 1753 1548 1803; x_wconf 71' lang='lat' dir='ltr'>Quarto</span> <span class='ocrx_word' id='word_1_189' title='bbox 1581 1754 1618 1795; x_wconf 92' lang='lat' dir='ltr'>si</span> <span class='ocrx_word' id='word_1_190' title='bbox 1648 1753 1802 1796; x_wconf 87' lang='lat' dir='ltr'>huius-</span> 
     </span>
     <span class='ocr_line' id='line_1_24' title="bbox 105 1824 1802 1881; baseline 0.001 -16"><span class='ocrx_word' id='word_1_191' title='bbox 105 1824 228 1866; x_wconf 82' lang='lat' dir='ltr'>modi</span> <span class='ocrx_word' id='word_1_192' title='bbox 275 1824 508 1881; x_wconf 89' lang='lat' dir='ltr'>occupatio</span> <span class='ocrx_word' id='word_1_193' title='bbox 554 1824 763 1865; x_wconf 87' lang='lat' dir='ltr'>omnibus</span> <span class='ocrx_word' id='word_1_194' title='bbox 809 1824 1078 1879; x_wconf 86' lang='lat' dir='ltr'>generaliter</span> <span class='ocrx_word' id='word_1_195' title='bbox 1121 1825 1394 1881; x_wconf 87' lang='lat' dir='ltr'>imponatur,</span> <span class='ocrx_word' id='word_1_196' title='bbox 1443 1825 1614 1879; x_wconf 80' lang='lat' dir='ltr'>singuli</span> <span class='ocrx_word' id='word_1_197' title='bbox 1657 1824 1802 1866; x_wconf 86' lang='lat' dir='ltr'>ferent</span> 
     </span>
     <span class='ocr_line' id='line_1_25' title="bbox 104 1895 1800 1952; baseline 0 -15"><span class='ocrx_word' id='word_1_198' title='bbox 104 1910 201 1937; x_wconf 91' lang='lat' dir='ltr'>eam</span> <span class='ocrx_word' id='word_1_199' title='bbox 232 1895 462 1950; x_wconf 89' lang='lat' dir='ltr'>libentius,</span> <span class='ocrx_word' id='word_1_200' title='bbox 508 1900 564 1949; x_wconf 91' lang='lat' dir='ltr'>et,</span> <span class='ocrx_word' id='word_1_201' title='bbox 603 1895 769 1936; x_wconf 86' lang='lat' dir='ltr'>reiecta</span> <span class='ocrx_word' id='word_1_202' title='bbox 801 1896 924 1937; x_wconf 90' lang='lat' dir='ltr'>omni</span> <span class='ocrx_word' id='word_1_203' title='bbox 955 1911 1030 1952; x_wconf 89' lang='lat' dir='ltr'>spe</span> <span class='ocrx_word' id='word_1_204' title='bbox 1062 1896 1318 1937; x_wconf 81' lang='lat' dir='ltr'>declinandi</span> <span class='ocrx_word' id='word_1_205' title='bbox 1356 1896 1441 1938; x_wconf 90' lang='lat' dir='ltr'>hoc</span> <span class='ocrx_word' id='word_1_206' title='bbox 1481 1911 1606 1947; x_wconf 84' lang='lat' dir='ltr'>onus,</span> <span class='ocrx_word' id='word_1_207' title='bbox 1649 1896 1800 1938; x_wconf 90' lang='lat' dir='ltr'>stude—</span> 
     </span>
     <span class='ocr_line' id='line_1_26' title="bbox 104 1966 1796 2023; baseline 0 -15"><span class='ocrx_word' id='word_1_208' title='bbox 104 1966 219 2008; x_wconf 88' lang='lat' dir='ltr'>bunt</span> <span class='ocrx_word' id='word_1_209' title='bbox 261 1967 398 2008; x_wconf 90' lang='lat' dir='ltr'>etiam</span> <span class='ocrx_word' id='word_1_210' title='bbox 436 1967 505 2008; x_wconf 90' lang='lat' dir='ltr'>ita</span> <span class='ocrx_word' id='word_1_211' title='bbox 543 1981 587 2008; x_wconf 92' lang='lat' dir='ltr'>se</span> <span class='ocrx_word' id='word_1_212' title='bbox 625 1966 906 2023; x_wconf 59' lang='lat' dir='ltr'>comlparare,</span> <span class='ocrx_word' id='word_1_213' title='bbox 954 1971 1006 2009; x_wconf 83' lang='lat' dir='ltr'>vt</span> <span class='ocrx_word' id='word_1_214' title='bbox 1045 1967 1130 2008; x_wconf 90' lang='lat' dir='ltr'>hoc</span> <span class='ocrx_word' id='word_1_215' title='bbox 1169 1983 1346 2021; x_wconf 88' lang='lat' dir='ltr'>munus,</span> <span class='ocrx_word' id='word_1_216' title='bbox 1395 1968 1514 2023; x_wconf 89' lang='lat' dir='ltr'>quod</span> <span class='ocrx_word' id='word_1_217' title='bbox 1555 1967 1796 2023; x_wconf 89' lang='lat' dir='ltr'>aliquando</span> 
     </span>
     <span class='ocr_line' id='line_1_27' title="bbox 103 2037 1799 2093; baseline 0.001 -14"><span class='ocrx_word' id='word_1_218' title='bbox 103 2037 386 2080; x_wconf 83' lang='lat' dir='ltr'>subeundum</span> <span class='ocrx_word' id='word_1_219' title='bbox 419 2041 498 2092; x_wconf 90' lang='lat' dir='ltr'>est,</span> <span class='ocrx_word' id='word_1_220' title='bbox 539 2041 773 2079; x_wconf 79' lang='lat' dir='ltr'>exerceant</span> <span class='ocrx_word' id='word_1_221' title='bbox 813 2053 948 2093; x_wconf 90' lang='lat' dir='ltr'>quam</span> <span class='ocrx_word' id='word_1_222' title='bbox 987 2039 1358 2080; x_wconf 85' lang='lat' dir='ltr'>commodissime.</span> <span class='ocrx_word' id='word_1_223' title='bbox 1423 2040 1592 2080; x_wconf 84' lang='lat' dir='ltr'>Contra</span> <span class='ocrx_word' id='word_1_224' title='bbox 1622 2053 1727 2081; x_wconf 84' lang='lat' dir='ltr'>vero</span> <span class='ocrx_word' id='word_1_225' title='bbox 1761 2039 1799 2080; x_wconf 90' lang='lat' dir='ltr'>si</span> 
     </span>
     <span class='ocr_line' id='line_1_28' title="bbox 105 2108 1797 2166; baseline 0.001 -16"><span class='ocrx_word' id='word_1_226' title='bbox 105 2123 215 2164; x_wconf 89' lang='lat' dir='ltr'>quos</span> <span class='ocrx_word' id='word_1_227' title='bbox 248 2109 619 2151; x_wconf 85' lang='lat' dir='ltr'>animadvertunt</span> <span class='ocrx_word' id='word_1_228' title='bbox 650 2108 800 2163; x_wconf 80' lang='lat' dir='ltr'>eximi,</span> <span class='ocrx_word' id='word_1_229' title='bbox 832 2114 995 2165; x_wconf 89' lang='lat' dir='ltr'>putant</span> <span class='ocrx_word' id='word_1_230' title='bbox 1026 2110 1162 2151; x_wconf 88' lang='lat' dir='ltr'>etiam</span> <span class='ocrx_word' id='word_1_231' title='bbox 1195 2110 1281 2151; x_wconf 82' lang='lat' dir='ltr'>sibi</span> <span class='ocrx_word' id='word_1_232' title='bbox 1313 2115 1465 2166; x_wconf 77' lang='lat' dir='ltr'>patere</span> <span class='ocrx_word' id='word_1_233' title='bbox 1492 2110 1665 2165; x_wconf 85' lang='lat' dir='ltr'>aliquot</span> <span class='ocrx_word' id='word_1_234' title='bbox 1685 2110 1797 2151; x_wconf 85' lang='lat' dir='ltr'>effu-</span> 
     </span>
     <span class='ocr_line' id='line_1_29' title="bbox 103 2180 1798 2236; baseline 0.001 -15"><span class='ocrx_word' id='word_1_235' title='bbox 103 2181 179 2236; x_wconf 89' lang='lat' dir='ltr'>gia</span> <span class='ocrx_word' id='word_1_236' title='bbox 225 2185 270 2222; x_wconf 90' lang='lat' dir='ltr'>et</span> <span class='ocrx_word' id='word_1_237' title='bbox 315 2184 533 2235; x_wconf 84' lang='lat' dir='ltr'>tanquam</span> <span class='ocrx_word' id='word_1_238' title='bbox 580 2180 829 2222; x_wconf 91' lang='lat' dir='ltr'>cuniculos:</span> <span class='ocrx_word' id='word_1_239' title='bbox 884 2195 1021 2235; x_wconf 89' lang='lat' dir='ltr'>quare</span> <span class='ocrx_word' id='word_1_240' title='bbox 1068 2186 1311 2222; x_wconf 89' lang='lat' dir='ltr'>causantur</span> <span class='ocrx_word' id='word_1_241' title='bbox 1354 2185 1397 2221; x_wconf 92' lang='lat' dir='ltr'>et</span> <span class='ocrx_word' id='word_1_242' title='bbox 1436 2180 1687 2222; x_wconf 86' lang='lat' dir='ltr'>obtendunt</span> <span class='ocrx_word' id='word_1_243' title='bbox 1724 2181 1798 2223; x_wconf 92' lang='grc'>1761</span> 
     </span>
     <span class='ocr_line' id='line_1_30' title="bbox 103 2251 1799 2308; baseline 0 -16"><span class='ocrx_word' id='word_1_244' title='bbox 103 2251 264 2307; x_wconf 87' lang='lat' dir='ltr'>capitis</span> <span class='ocrx_word' id='word_1_245' title='bbox 304 2251 674 2306; x_wconf 81' lang='lat' dir='ltr'>imbecillitatem,</span> <span class='ocrx_word' id='word_1_246' title='bbox 713 2252 788 2294; x_wconf 85' lang='grc'>1761</span> <span class='ocrx_word' id='word_1_247' title='bbox 825 2251 1099 2308; x_wconf 87' lang='lat' dir='ltr'>imperitiam</span> <span class='ocrx_word' id='word_1_248' title='bbox 1135 2252 1467 2293; x_wconf 75' lang='lat' dir='ltr'>Grammaticae</span> <span class='ocrx_word' id='word_1_249' title='bbox 1501 2256 1544 2293; x_wconf 91' lang='lat' dir='ltr'>et</span> <span class='ocrx_word' id='word_1_250' title='bbox 1576 2251 1799 2293; x_wconf 89' lang='lat' dir='ltr'>Humani-</span> 
     </span>
     <span class='ocr_line' id='line_1_31' title="bbox 102 2323 1798 2379; baseline 0 -15"><span class='ocrx_word' id='word_1_251' title='bbox 102 2323 230 2377; x_wconf 85' lang='lat' dir='ltr'>tatis,</span> <span class='ocrx_word' id='word_1_252' title='bbox 281 2323 353 2365; x_wconf 90' lang='grc'>1761</span> <span class='ocrx_word' id='word_1_253' title='bbox 393 2337 686 2379; x_wconf 89' lang='lat' dir='ltr'>praepropere</span> <span class='ocrx_word' id='word_1_254' title='bbox 739 2323 967 2364; x_wconf 89' lang='lat' dir='ltr'>inuadunt</span> <span class='ocrx_word' id='word_1_255' title='bbox 1011 2323 1059 2363; x_wconf 90' lang='lat' dir='ltr'>in</span> <span class='ocrx_word' id='word_1_256' title='bbox 1104 2324 1216 2364; x_wconf 86' lang='lat' dir='ltr'>alias</span> <span class='ocrx_word' id='word_1_257' title='bbox 1263 2324 1594 2379; x_wconf 81' lang='lat' dir='ltr'>occupationes.</span> <span class='ocrx_word' id='word_1_258' title='bbox 1672 2323 1798 2364; x_wconf 90' lang='lat' dir='ltr'>Haec</span> 
     </span>
     <span class='ocr_line' id='line_1_32' title="bbox 102 2393 1798 2451; baseline 0 -16"><span class='ocrx_word' id='word_1_259' title='bbox 102 2407 208 2435; x_wconf 88' lang='lat' dir='ltr'>Vero</span> <span class='ocrx_word' id='word_1_260' title='bbox 241 2394 418 2449; x_wconf 90' lang='lat' dir='ltr'>aliaque</span> <span class='ocrx_word' id='word_1_261' title='bbox 448 2394 496 2435; x_wconf 93' lang='lat' dir='ltr'>id</span> <span class='ocrx_word' id='word_1_262' title='bbox 527 2408 667 2449; x_wconf 89' lang='lat' dir='ltr'>genus</span> <span class='ocrx_word' id='word_1_263' title='bbox 699 2393 831 2435; x_wconf 84' lang='lat' dir='ltr'>facile</span> <span class='ocrx_word' id='word_1_264' title='bbox 862 2394 1140 2445; x_wconf 89' lang='lat' dir='ltr'>tollerentur,</span> <span class='ocrx_word' id='word_1_265' title='bbox 1181 2395 1217 2436; x_wconf 90' lang='lat' dir='ltr'>si</span> <span class='ocrx_word' id='word_1_266' title='bbox 1258 2410 1521 2451; x_wconf 85' lang='lat' dir='ltr'>persuasum</span> <span class='ocrx_word' id='word_1_267' title='bbox 1559 2400 1673 2436; x_wconf 89' lang='lat' dir='ltr'>esset</span> <span class='ocrx_word' id='word_1_268' title='bbox 1705 2409 1798 2435; x_wconf 88' lang='lat' dir='ltr'>om—</span> 
     </span>
     <span class='ocr_line' id='line_1_33' title="bbox 101 2464 1796 2520; baseline 0.001 -15"><span class='ocrx_word' id='word_1_269' title='bbox 101 2464 250 2519; x_wconf 88' lang='lat' dir='ltr'>nibus,</span> <span class='ocrx_word' id='word_1_270' title='bbox 284 2464 402 2507; x_wconf 88' lang='lat' dir='ltr'>hanc</span> <span class='ocrx_word' id='word_1_271' title='bbox 440 2464 693 2506; x_wconf 79' lang='lat' dir='ltr'>molestiam</span> <span class='ocrx_word' id='word_1_272' title='bbox 731 2465 922 2519; x_wconf 83' lang='lat' dir='ltr'>singulis</span> <span class='ocrx_word' id='word_1_273' title='bbox 962 2464 1204 2519; x_wconf 87' lang='lat' dir='ltr'>aliquando</span> <span class='ocrx_word' id='word_1_274' title='bbox 1237 2465 1542 2507; x_wconf 84' lang='lat' dir='ltr'>deuorandam</span> <span class='ocrx_word' id='word_1_275' title='bbox 1573 2481 1685 2510; x_wconf 87' lang='lat' dir='ltr'>esse:</span> <span class='ocrx_word' id='word_1_276' title='bbox 1739 2469 1796 2520; x_wconf 90' lang='lat' dir='ltr'>et,</span> 
     </span>
     <span class='ocr_line' id='line_1_34' title="bbox 103 2535 1796 2593; baseline 0.001 -17"><span class='ocrx_word' id='word_1_277' title='bbox 103 2535 140 2576; x_wconf 87' lang='lat' dir='ltr'>si</span> <span class='ocrx_word' id='word_1_278' title='bbox 172 2535 250 2577; x_wconf 91' lang='lat' dir='ltr'>diu</span> <span class='ocrx_word' id='word_1_279' title='bbox 280 2550 372 2577; x_wconf 90' lang='lat' dir='ltr'>non</span> <span class='ocrx_word' id='word_1_280' title='bbox 402 2541 603 2592; x_wconf 86' lang='lat' dir='ltr'>possunt,</span> <span class='ocrx_word' id='word_1_281' title='bbox 649 2551 728 2593; x_wconf 92' lang='lat' dir='ltr'>per</span> <span class='ocrx_word' id='word_1_282' title='bbox 759 2551 928 2578; x_wconf 90' lang='lat' dir='ltr'>annum</span> <span class='ocrx_word' id='word_1_283' title='bbox 960 2537 1140 2586; x_wconf 82' lang='lat' dir='ltr'>saltem3</span> <span class='ocrx_word' id='word_1_284' title='bbox 1192 2541 1249 2590; x_wconf 91' lang='lat' dir='ltr'>et,</span> <span class='ocrx_word' id='word_1_285' title='bbox 1299 2537 1335 2577; x_wconf 90' lang='lat' dir='ltr'>si</span> <span class='ocrx_word' id='word_1_286' title='bbox 1376 2537 1536 2578; x_wconf 85' lang='lat' dir='ltr'>altiora</span> <span class='ocrx_word' id='word_1_287' title='bbox 1574 2537 1796 2590; x_wconf 89' lang='lat' dir='ltr'>nesciunt,</span> 
     </span>
     <span class='ocr_line' id='line_1_35' title="bbox 103 2606 1797 2662; baseline 0.001 -14"><span class='ocrx_word' id='word_1_288' title='bbox 103 2606 159 2648; x_wconf 90' lang='lat' dir='ltr'>ad</span> <span class='ocrx_word' id='word_1_289' title='bbox 198 2606 401 2648; x_wconf 88' lang='lat' dir='ltr'>infimam</span> <span class='ocrx_word' id='word_1_290' title='bbox 437 2607 617 2649; x_wconf 86' lang='lat' dir='ltr'>classem</span> <span class='ocrx_word' id='word_1_291' title='bbox 659 2607 917 2662; x_wconf 87' lang='lat' dir='ltr'>mittendos,</span> <span class='ocrx_word' id='word_1_292' title='bbox 957 2611 1008 2650; x_wconf 78' lang='lat' dir='ltr'>vt</span> <span class='ocrx_word' id='word_1_293' title='bbox 1048 2608 1236 2649; x_wconf 87' lang='lat' dir='ltr'>doceant</span> <span class='ocrx_word' id='word_1_294' title='bbox 1267 2607 1526 2649; x_wconf 84' lang='lat' dir='ltr'>rudimenta</span> <span class='ocrx_word' id='word_1_295' title='bbox 1561 2608 1797 2650; x_wconf 77' lang='lat' dir='ltr'>Gramma-</span> 
     </span>
     <span class='ocr_line' id='line_1_36' title="bbox 102 2677 1795 2734; baseline 0.001 -15"><span class='ocrx_word' id='word_1_296' title='bbox 102 2677 229 2731; x_wconf 87' lang='lat' dir='ltr'>ticae,</span> <span class='ocrx_word' id='word_1_297' title='bbox 283 2693 338 2719; x_wconf 87' lang='lat' dir='ltr'>ne</span> <span class='ocrx_word' id='word_1_298' title='bbox 391 2678 490 2734; x_wconf 89' lang='lat' dir='ltr'>quis</span> <span class='ocrx_word' id='word_1_299' title='bbox 544 2678 853 2734; x_wconf 88' lang='lat' dir='ltr'>ignorantiam</span> <span class='ocrx_word' id='word_1_300' title='bbox 908 2682 1125 2720; x_wconf 86' lang='lat' dir='ltr'>causetur.</span> <span class='ocrx_word' id='word_1_301' title='bbox 1203 2679 1360 2734; x_wconf 86' lang='lat' dir='ltr'>Neque</span> <span class='ocrx_word' id='word_1_302' title='bbox 1407 2693 1512 2721; x_wconf 84' lang='grc'>17610</span> <span class='ocrx_word' id='word_1_303' title='bbox 1557 2678 1612 2720; x_wconf 86' lang='lat' dir='ltr'>ab</span> <span class='ocrx_word' id='word_1_304' title='bbox 1666 2693 1795 2720; x_wconf 90' lang='lat' dir='ltr'>onere</span> 
     </span>
     <span class='ocr_line' id='line_1_37' title="bbox 103 2747 1794 2804; baseline 0.001 -15"><span class='ocrx_word' id='word_1_305' title='bbox 103 2747 294 2790; x_wconf 92' lang='lat' dir='ltr'>docendi</span> <span class='ocrx_word' id='word_1_306' title='bbox 316 2748 669 2791; x_wconf 79' lang='lat' dir='ltr'>Grammaticam</span> <span class='ocrx_word' id='word_1_307' title='bbox 699 2749 922 2791; x_wconf 86' lang='lat' dir='ltr'>liberandi</span> <span class='ocrx_word' id='word_1_308' title='bbox 943 2749 1157 2792; x_wconf 80' lang='lat' dir='ltr'>videntur</span> <span class='ocrx_word' id='word_1_309' title='bbox 1177 2749 1407 2804; x_wconf 87' lang='lat' dir='ltr'>Theologi,</span> <span class='ocrx_word' id='word_1_310' title='bbox 1442 2750 1520 2804; x_wconf 89' lang='lat' dir='ltr'>qui</span> <span class='ocrx_word' id='word_1_311' title='bbox 1552 2765 1649 2791; x_wconf 89' lang='lat' dir='ltr'>eam</span> <span class='ocrx_word' id='word_1_312' title='bbox 1680 2765 1794 2791; x_wconf 91' lang='lat' dir='ltr'>nun-</span> 
     </span>
     <span class='ocr_line' id='line_1_38' title="bbox 104 2819 1795 2874; baseline 0.001 -14"><span class='ocrx_word' id='word_1_313' title='bbox 104 2833 239 2874; x_wconf 87' lang='lat' dir='ltr'>quam</span> <span class='ocrx_word' id='word_1_314' title='bbox 270 2819 533 2874; x_wconf 87' lang='lat' dir='ltr'>docuerunt,</span> <span class='ocrx_word' id='word_1_315' title='bbox 566 2819 660 2861; x_wconf 87' lang='lat' dir='ltr'>siue</span> <span class='ocrx_word' id='word_1_316' title='bbox 691 2820 740 2861; x_wconf 89' lang='lat' dir='ltr'>in</span> <span class='ocrx_word' id='word_1_317' title='bbox 773 2820 1016 2873; x_wconf 84' lang='lat' dir='ltr'>Societate,</span> <span class='ocrx_word' id='word_1_318' title='bbox 1049 2821 1142 2862; x_wconf 90' lang='lat' dir='ltr'>siue</span> <span class='ocrx_word' id='word_1_319' title='bbox 1174 2824 1300 2862; x_wconf 89' lang='lat' dir='ltr'>extra</span> <span class='ocrx_word' id='word_1_320' title='bbox 1334 2820 1588 2862; x_wconf 86' lang='lat' dir='ltr'>studuerint</span> <span class='ocrx_word' id='word_1_321' title='bbox 1609 2820 1795 2862; x_wconf 81' lang='lat' dir='ltr'>Theolo-</span> 
     </span>
     <span class='ocr_line' id='line_1_39' title="bbox 101 2889 1795 2947; baseline -0.001 -16"><span class='ocrx_word' id='word_1_322' title='bbox 101 2889 214 2944; x_wconf 84' lang='lat' dir='ltr'>giae.</span> <span class='ocrx_word' id='word_1_323' title='bbox 278 2890 408 2932; x_wconf 88' lang='lat' dir='ltr'>Istud</span> <span class='ocrx_word' id='word_1_324' title='bbox 450 2889 569 2931; x_wconf 89' lang='lat' dir='ltr'>enim</span> <span class='ocrx_word' id='word_1_325' title='bbox 605 2890 907 2933; x_wconf 89' lang='lat' dir='ltr'>ministerium</span> <span class='ocrx_word' id='word_1_326' title='bbox 946 2906 1047 2933; x_wconf 86' lang='lat' dir='ltr'>cum</span> <span class='ocrx_word' id='word_1_327' title='bbox 1088 2907 1142 2933; x_wconf 88' lang='lat' dir='ltr'>ex</span> <span class='ocrx_word' id='word_1_328' title='bbox 1183 2891 1420 2947; x_wconf 85' lang='lat' dir='ltr'>ordinarijs</span> <span class='ocrx_word' id='word_1_329' title='bbox 1463 2906 1603 2934; x_wconf 85' lang='lat' dir='ltr'>Vnum</span> <span class='ocrx_word' id='word_1_330' title='bbox 1637 2891 1709 2944; x_wconf 90' lang='lat' dir='ltr'>sit,</span> <span class='ocrx_word' id='word_1_331' title='bbox 1750 2894 1795 2931; x_wconf 91' lang='lat' dir='ltr'>et</span> 
     </span>
     <span class='ocr_line' id='line_1_40' title="bbox 101 2959 1793 3018; baseline 0 -18"><span class='ocrx_word' id='word_1_332' title='bbox 101 2960 307 3016; x_wconf 89' lang='lat' dir='ltr'>prodesse</span> <span class='ocrx_word' id='word_1_333' title='bbox 337 2960 479 3017; x_wconf 87' lang='lat' dir='ltr'>possit</span> <span class='ocrx_word' id='word_1_334' title='bbox 507 2959 643 3001; x_wconf 89' lang='lat' dir='ltr'>etiam</span> <span class='ocrx_word' id='word_1_335' title='bbox 663 2961 902 3017; x_wconf 86' lang='lat' dir='ltr'>Theologis</span> <span class='ocrx_word' id='word_1_336' title='bbox 934 2963 991 3004; x_wconf 90' lang='lat' dir='ltr'>ad</span> <span class='ocrx_word' id='word_1_337' title='bbox 1012 2962 1202 3005; x_wconf 88' lang='lat' dir='ltr'>Latinae</span> <span class='ocrx_word' id='word_1_338' title='bbox 1233 2963 1416 3018; x_wconf 90' lang='lat' dir='ltr'>linguae</span> <span class='ocrx_word' id='word_1_339' title='bbox 1449 2966 1492 3003; x_wconf 90' lang='lat' dir='ltr'>et</span> <span class='ocrx_word' id='word_1_340' title='bbox 1521 2960 1793 3004; x_wconf 88' lang='lat' dir='ltr'>humilitatis</span> 
     </span>
     <span class='ocr_line' id='line_1_41' title="bbox 101 3031 1793 3088; baseline -0.001 -16"><span class='ocrx_word' id='word_1_341' title='bbox 101 3031 480 3085; x_wconf 86' lang='lat' dir='ltr'>exercitationem,</span> <span class='ocrx_word' id='word_1_342' title='bbox 512 3031 663 3072; x_wconf 87' lang='lat' dir='ltr'>nullus</span> <span class='ocrx_word' id='word_1_343' title='bbox 684 3032 908 3074; x_wconf 90' lang='lat' dir='ltr'>ordinarie</span> <span class='ocrx_word' id='word_1_344' title='bbox 940 3033 1118 3075; x_wconf 88' lang='lat' dir='ltr'>videtur</span> <span class='ocrx_word' id='word_1_345' title='bbox 1150 3034 1431 3088; x_wconf 74' lang='lat' dir='ltr'>eximendus,</span> <span class='ocrx_word' id='word_1_346' title='bbox 1464 3032 1658 3085; x_wconf 87' lang='lat' dir='ltr'>tametsi,</span> <span class='ocrx_word' id='word_1_347' title='bbox 1692 3046 1793 3072; x_wconf 88' lang='lat' dir='ltr'>curn</span> 
     </span>
     <span class='ocr_line' id='line_1_42' title="bbox 102 3101 1792 3162; baseline 0 -19"><span class='ocrx_word' id='word_1_348' title='bbox 102 3105 272 3143; x_wconf 83' lang='lat' dir='ltr'>caetera</span> <span class='ocrx_word' id='word_1_349' title='bbox 292 3102 418 3160; x_wconf 88' lang='lat' dir='ltr'>paria</span> <span class='ocrx_word' id='word_1_350' title='bbox 439 3105 557 3156; x_wconf 88' lang='lat' dir='ltr'>sunt,</span> <span class='ocrx_word' id='word_1_351' title='bbox 581 3101 805 3145; x_wconf 90' lang='lat' dir='ltr'>docendae</span> <span class='ocrx_word' id='word_1_352' title='bbox 827 3104 1160 3146; x_wconf 84' lang='lat' dir='ltr'>Grammaticae</span> <span class='ocrx_word' id='word_1_353' title='bbox 1182 3105 1387 3162; x_wconf 86' lang='lat' dir='ltr'>partibus</span> <span class='ocrx_word' id='word_1_354' title='bbox 1404 3103 1626 3159; x_wconf 89' lang='lat' dir='ltr'>grauandi</span> <span class='ocrx_word' id='word_1_355' title='bbox 1641 3102 1792 3160; x_wconf 77' lang='lat' dir='ltr'>potius</span> 
     </span>
    </p>
   </div>
   <div class='ocr_carea' id='block_1_4' title="bbox 1826 1984 1940 2016">
    <p class='ocr_par' dir='ltr' id='par_1_4' title="bbox 1826 1984 1940 2016">
     <span class='ocr_line' id='line_1_43' title="bbox 1826 1984 1940 2016; baseline 0.009 -7"><span class='ocrx_word' id='word_1_356' title='bbox 1826 1993 1856 2016; x_wconf 81' lang='lat' dir='ltr'>p.</span> <span class='ocrx_word' id='word_1_357' title='bbox 1879 1984 1940 2010; x_wconf 78' lang='lat'>213.</span> 
     </span>
    </p>
   </div>
  </div>
 </body>
</html>
