2148 3402
532 198 575 239 R.
602 208 647 241 st.
677 203 778 240 1586.
829 197 1004 238 Deiectus
1031 198 1241 246 opinionum
1267 197 1377 236 theol.
1719 187 1768 234 21
1790 192 1804 233 l

246 327 314 368 26.
349 323 527 378 Martyr
559 337 649 364 non
683 322 734 364 fit
765 337 817 363 ex
852 322 1009 363 attrito
1043 320 1268 361 contritus
1301 334 1379 375 per
1401 320 1689 374 Martyrium,
1723 335 1803 361 nec

95 396 194 437 sine
228 394 411 436 formali
445 393 737 450 poenitentia,
770 393 807 434 si
840 397 988 448 potest
1022 392 1190 445 haberi,
1225 391 1510 434 iustificatur.

238 469 308 510 27.
343 466 568 507 Tenemur
609 465 903 506 necessariam
951 462 1335 504 circumstantiam
1384 461 1542 502 tertiae
1590 477 1803 518 personae

94 536 323 588 confiteri,
367 551 470 577 cum
502 536 606 577 inde
640 536 762 577 aliud
801 549 892 576 non
932 535 1157 591 sequitur,
1204 548 1340 589 quam
1375 532 1496 573 mala
1530 532 1802 574 Confessarii

95 608 246 664 opinio
280 607 335 649 de
373 608 520 648 tertio.

240 681 309 722 28.
346 678 738 733 Indulgentiarum
786 678 1059 734 dispensatio
1104 676 1417 733 principaliter
1466 680 1532 715 est
1579 675 1803 716 absolutis»

92 749 320 791 iudicialis
363 765 387 791 a
427 749 604 806 poenis3
647 749 842 791 includit
885 754 1038 790 tamen
1070 748 1339 790 solutionem
1374 747 1426 787 de
1460 746 1687 787 Thesauro
1722 747 1804 787 Ec-

94 820 269 862 clesiae.

241 894 310 936 29.
344 891 539 933 Animae
581 891 841 947 Purgatorii
887 892 1104 933 iuuantur
1143 889 1448 946 Indulgentiis
1492 904 1571 945 per
1620 889 1804 931 modum

93 963 312 1018 suffragii,
348 963 468 1019 quod
504 968 623 1004 certa
655 963 753 1018 lege
786 963 906 1003 Deus
939 978 1112 1019 semper
1143 965 1360 1018 acceptat.

237 1036 305 1079 30.
338 1034 548 1077 Veniales
580 1035 736 1091 culpae
769 1034 1081 1075 decedentium
1114 1034 1161 1075 in
1196 1034 1344 1089 gratia
1377 1033 1424 1073 in
1456 1033 1662 1087 ingressu
1694 1032 1805 1073 Pur-

95 1105 267 1161 gatorii
298 1106 595 1147 remittuntur
624 1121 702 1162 per
734 1110 883 1147 actum
908 1105 1102 1160 aliquem
1125 1104 1342 1146 Caritatis
1378 1109 1456 1145 aut
1477 1104 1801 1145 Poenitentiae.

241 1179 310 1220 31.
344 1173 641 1233 Episcopatus
665 1178 1007 1219 Sacramentum
1040 1180 1121 1228 est,
1156 1191 1375 1231 suumque
1407 1175 1580 1230 gratiae
1613 1175 1804 1231 gradum

96 1247 291 1301 confert;
338 1248 644 1289 characterem
675 1253 828 1289 autem
862 1248 934 1289 vel
966 1247 1188 1303 imprimit
1218 1247 1464 1303 proprium,
1496 1247 1568 1288 vel
1601 1247 1805 1288 extendit

98 1319 474 1375 Presbyteralem.

238 1393 307 1434 32.
342 1391 395 1431 In
429 1390 722 1432 Matrimonio
756 1391 992 1443 Sacerdos,
1037 1405 1093 1431 ne
1134 1394 1236 1447 post
1269 1390 1587 1432 Tridentinum
1621 1390 1803 1445 quidem

102 1462 373 1515 Concilium,
406 1467 472 1503 est
504 1462 637 1503 huius
671 1463 952 1504 Sacramenti
985 1462 1190 1503 minister
1222 1461 1485 1513 essentialis,
1519 1461 1596 1503 sed
1628 1467 1803 1503 contra-

101 1533 285 1574 hentes:
320 1548 401 1575 nec
434 1533 734 1575 Sacerdotah‘s
766 1533 1019 1575 benedictio
1052 1539 1119 1574 est
1150 1532 1295 1574 forma
1327 1533 1588 1574 essentialis.

239 1607 308 1649 33.
343 1605 486 1646 Beata
518 1605 665 1646 Maria
705 1609 808 1645 ante
849 1604 1189 1645 Matrimonium
1233 1604 1328 1645 Deo
1368 1604 1618 1660 inspirante
1650 1605 1802 1660 Virgi-

94 1676 285 1716 nitatem
317 1675 448 1716 vouit
479 1675 708 1727 absolute3
756 1680 911 1732 postea
944 1681 1095 1716 tamen
1127 1690 1229 1716 cum
1262 1675 1315 1716 ad
1351 1676 1696 1718 Matrimonium
1729 1692 1800 1718 ac-

96 1746 241 1799 cessit,
274 1760 366 1787 non
398 1747 625 1788 consensit
656 1747 703 1787 in
735 1747 956 1803 copulam,
994 1749 999 1799 1
1036 1747 1113 1788 sed
1152 1747 1199 1787 in
1233 1747 1567 1802 obligationem
1601 1748 1657 1789 ad
1689 1763 1800 1802 eam,

96 1817 317 1858 tradendo
355 1817 425 1859 ius
464 1817 533 1859 sui
571 1817 788 1874 corporis,
839 1818 875 1858 si
914 1817 985 1859 vir
1032 1817 1234 1859 debitum
1285 1819 1512 1874 petiisset,
1560 1833 1585 1859 a
1626 1819 1802 1875 Spiritu

100 1887 266 1929 Sancto
299 1888 472 1943 edocta,
505 1889 635 1930 illum
669 1904 899 1944 nunquam
933 1888 1200 1945 petiturum.

240 1962 309 2003 34.
343 1960 451 2002 Voti
490 1960 752 2002 solemnitas
791 1960 997 2001 consistit
1037 1961 1086 2001 in
1124 1960 1196 2001 sui
1237 1960 1484 2002 traditione
1522 1976 1547 2002 a
1587 1961 1682 2002 Deo
1722 1977 1801 2018 per

98 2029 347 2071 Ecclesiam
376 2035 629 2087 acceptata:
660 2037 706 2072 et
728 2031 776 2073 in
796 2047 846 2073 eo
867 2031 1114 2088 dispensari
1135 2036 1283 2087 potest
1304 2032 1360 2074 ab
1385 2033 1649 2088 Apostolica
1672 2033 1800 2074 Sede.

240 2103 310 2145 35.
344 2103 453 2143 Post
471 2101 785 2144 Tridentinum
809 2103 1062 2144 Concilium
1086 2103 1313 2158 sponsalia
1332 2104 1500 2156 valida,
1528 2105 1562 2145 si
1588 2109 1801 2160 sequatur

99 2171 260 2226 copula
281 2171 446 2214 affectu
467 2173 682 2228 maritali,
705 2189 759 2215 ex
783 2175 866 2215 hoc
888 2175 982 2215 solo
1003 2189 1095 2215 non
1118 2179 1356 2215 transeunt
1380 2174 1427 2215 in
1445 2175 1800 2217 Matrimonium.

239 2244 307 2285 36.
342 2242 434 2283 Ens
474 2258 742 2299 permanens
775 2244 1079 2286 annihilatum
1112 2259 1190 2300 per
1220 2245 1304 2286 Dei
1337 2245 1589 2300 potentiam
1622 2260 1801 2302 repara-

103 2310 190 2353 bile
222 2317 288 2353 est
319 2313 438 2355 idem
469 2329 676 2357 numero:
719 2315 772 2357 de
811 2316 1064 2357 successiuo
1105 2320 1276 2369 autem,
1316 2320 1451 2372 prout
1483 2316 1522 2357 ei
1554 2316 1800 2370 videbitur,

99 2383 265 2424 sentiat
295 2385 616 2441 unusquisque.

241 2456 310 2498 37.
344 2455 543 2497 Gloriosi
580 2457 778 2515 corporis
809 2473 962 2499 omnes
996 2458 1122 2499 dotes
1166 2463 1272 2500 sunt
1303 2459 1524 2514 quaedam
1557 2459 1801 2514 qualitates

99 2526 460 2582 supernaturales
492 2529 667 2585 corpori
706 2528 1009 2581 inhaerentes,
1049 2530 1106 2571 ad
1145 2544 1256 2584 quas
1295 2530 1609 2585 producendas
1649 2532 1800 2572 anima

98 2597 296 2651 gloriosa
326 2597 528 2640 effectiue
560 2614 652 2641 non
684 2601 925 2645 concurrit.

242 2788 297 2830 In
328 2789 384 2830 iis
414 2793 590 2846 praeter
620 2791 931 2847 paucissimaS,
970 2807 1081 2847 quas
1114 2806 1139 2832 a
1173 2792 1218 2833 S.
1250 2791 1425 2833 Thema
1457 2792 1591 2848 plane
1623 2796 1802 2834 constat

101 2858 271 2901 alienas
302 2875 407 2914 esse,
439 2860 493 2901 de
525 2862 708 2903 caeteris
740 2862 1027 2918 intelligatur
1058 2867 1102 2903 et
1133 2868 1349 2916 seruetur,
1388 2863 1509 2918 quod
1542 2863 1590 2904 in
1622 2863 1801 2918 Regula

99 2931 289 2987 septima
320 2931 524 2975 habetur.

242 3003 350 3043 Post
381 3002 490 3044 haec
523 3003 823 3059 subi-iciantur
855 3006 967 3047 aliae
1000 3005 1196 3060 regulae,
1231 3005 1396 3060 quibus
1430 3006 1518 3046 iam
1543 3004 1802 3046 constitutis

102 3071 210 3115 haec
240 3074 376 3116 etiam
408 3075 755 3116 subnectantur:

1521 3182 1585 3215 14*

1825 1778 1849 1799 p.
1864 1769 1924 1793 321.
