2143 3462
72 1513 111 1536 T.-

80 2431 118 2454 (Α)

157 942 292 965 (Ηῇι-ιιιιιι

117 1520 199 1542 mpw«
222 1513 236 1535 ll

116 1549 261 1573 lectionis.

156 2007 311 2038 Repetitio.

124 2433 258 2456 nclnswn

244 1514 306 1541 ujus

263 2439 306 2456 es·

326 173 412 214 344

505 182 614 217 Ratio
642 183 847 218 studiorum
883 188 921 218 et
947 185 1198 220 institutiones
1225 185 1469 220 scholasticae
1496 186 1688 220 societatis
1716 186 1806 222 Jesu
1831 188 1869 222 ΙΙ

324 304 558 345 Interdum
593 304 730 345 etiam
765 303 1039 359 distinguat,
1078 318 1176 344 raro

326 380 473 416 autem
497 375 569 416 vel
593 374 916 416 declaratione-s
948 375 1021 416 vel
1042 375 1178 416 ratio-

325 460 401 486 nes
433 444 696 502 praesertim
727 445 885 487 invitis
918 445 1146 487 obtrudat.

466 660 679 721 Regulae
720 661 1018 710 Professoris

391 740 817 819 Philosophiae
863 739 1109 802 Moralis

686 850 812 892 1599.

472 942 508 987 1.

330 1028 614 1069 nequaquam
646 1027 760 1067 esse⁷
795 1012 851 1054 ad
883 1011 1180 1066 Theologicas

331 1085 613 1141 quaestiones
654 1083 851 1139 digredi,
894 1083 972 1125 sed
1003 1097 1182 1139 progre-

332 1156 496 1198 diendo
528 1155 574 1197 in
596 1159 726 1196 textu
750 1154 956 1208 breviter,
990 1154 1118 1196 docte
1140 1157 1185 1195 et

332 1227 532 1282 graviter
546 1226 786 1283 praecipua
804 1227 952 1282 capita
969 1225 1184 1266 scientiae

334 1297 538 1350 moralis⁷
574 1312 687 1353 quae
724 1297 772 1339 in
808 1300 861 1341 10
892 1296 1022 1338 libris
1054 1295 1184 1337 Ethi-

334 1383 486 1410 corum
528 1368 790 1410 Aristotelis
827 1368 1070 1421 habentur,
1110 1381 1184 1408 ex-

334 1438 512 1496 plicare.
575 1440 744 1494 (Const.
767 1456 810 1496 p.
834 1443 873 1483 4.
899 1454 934 1484 c,
961 1442 1028 1483 14.
1062 1453 1104 1480 n.
1124 1440 1181 1492 3.)

467 1510 509 1556 ἓ.
574 1511 667 1553 Ubi
690 1511 746 1553 ab
773 1511 966 1568 ipsomet
986 1510 1182 1566 philoso-

325 1582 447 1639 phici
510 1597 662 1624 cursus
713 1582 968 1639 professore
1014 1581 1179 1623 Ethica

324 1653 523 1709 praelegi
554 1668 647 1695 non
679 1654 838 1707 solent,
872 1657 1070 1710 exponat
1101 1652 1179 1708 qui

325 1723 489 1765 Ethica
531 1724 674 1766 tradit
715 1724 1039 1781 metaphysicis
1079 1738 1179 1780 gra-

328 1794 474 1835 viores
491 1795 625 1851 hujus
648 1796 860 1838 scientiae
882 1795 1177 1851 quaestiones,

322 1864 459 1920 idque
502 1881 580 1923 per
620 1874 712 1908 tres
757 1867 1032 1922 quadrantes
1072 1880 1179 1921 quo-

324 1936 433 1978 tidie
463 1943 543 1980 aut
575 1938 863 1980 semihoram.

475 2009 518 2054 3.
581 2009 769 2051 Ethicae
784 2008 1073 2066 repetitiones
1095 2007 1180 2049 sal-

328 2083 419 2120 tem
467 2079 640 2122 decimo
686 2081 845 2136 quinto
887 2094 1063 2136 quoque
1107 2078 1178 2120 die

328 2150 601 2206 habeantur,
643 2148 732 2207 quo
774 2156 978 2208 tempore
1009 2150 1179 2192 Rector

326 2221 548 2276 statuerit⁷
583 2221 761 2264 etiamsi
781 2222 837 2263 ob
866 2237 961 2263 eam
997 2236 1177 2264 causam

325 2306 416 2332 una
458 2297 570 2334 esset
608 2293 920 2349 metaphysica
967 2292 1175 2350 repetitio

324 2363 742 2417 praetermittenda.

464 2434 509 2479 4.
574 2435 688 2476 Cum
720 2435 1060 2491 Metaphysioae
1100 2450 1174 2477 au-

327 2503 492 2545 ditores
525 2505 599 2546 vel
632 2505 754 2547 domi
776 2506 990 2562 privatas,
1024 2506 1095 2547 vel
1126 2505 1174 2547 in

327 2574 479 2616 schola
519 2582 770 2618 menstruas
808 2576 979 2619 habent
1025 2576 1174 2633 dispu—

325 2647 539 2701 tationes⁷
579 2649 933 2704 propositionem
973 2649 1173 2703 aliquam

324 2717 517 2758 ethicam
579 2719 948 2761 conclusionibus
1000 2734 1173 2775 semper

325 2787 601 2843 adjungant,
651 2790 864 2831 adversus
912 2806 1048 2846 quam
1095 2804 1172 2846 per

326 2859 623 2914 quadrantem
655 2861 991 2917 metaphysicus
1023 2861 1172 2916 dispu—

324 2934 403 2981 tet,
438 2931 516 2986 qui
547 2936 901 2986 argumentatur.

573 942 832 996 Intelligat,
879 941 948 982 sui
979 940 1199 999 instituti!

1301 660 1690 818 Philosopiiig.
1734 741 1965 805 Morali.

1576 849 1701 892 1832.

1360 939 1437 987 25.
1502 947 1568 993 [Ne
1605 947 1833 992 digrediatur
1870 948 1917 983 ad
1951 949 2066 984 'rhen-

1217 1017 1381 1063 logiam]
1434 1013 1548 1055 Cum
1563 1013 1698 1069 hujus
1717 1013 1954 1056 cathedrae
1968 1029 2068 1071 pro-

1218 1084 1368 1140 prium
1401 1084 1460 1125 sit
1491 1083 1745 1126 doctrinam
1766 1085 1981 1127 moralem
2013 1101 2068 1128 ex

1222 1154 1501 1211 argumentis
1522 1154 1713 1197 rationis
1732 1155 1860 1197 docte
1894 1160 1938 1198 et
1968 1172 2069 1212 gra-

1222 1226 1337 1267 viter
1387 1226 1627 1282 explicare,
1680 1225 1738 1267 ad
1789 1227 2069 1282 quaestiones

1222 1312 1339 1338 mere
1372 1296 1653 1351 theologicas
1684 1311 1741 1338 ne
1773 1296 2067 1353 digrediatur,

1222 1368 1331 1423 quin
1342 1372 1580 1424 propterea
1591 1367 1670 1409 abs
1680 1383 1726 1409 re
1742 1367 1881 1410 fuerit
1898 1369 2071 1424 aliquid

1221 1454 1275 1480 ex
1305 1439 1582 1481 revelatione
1616 1443 1865 1495 opportune
1897 1444 1941 1482 et
1972 1440 2071 1482 bre-

1219 1510 1336 1552 viter
1369 1510 1645 1553 confirmare.

1362 1580 1441 1627 26.
1507 1585 1622 1631 [Quae
1656 1587 1813 1621 materia
1844 1587 2068 1632 tractanda]

1219 1651 1472 1708 Suppositis
1492 1651 1832 1706 quaestionibus
1862 1652 1911 1694 in
1933 1656 2070 1694 meta-

1217 1722 1406 1778 physica
1427 1721 1733 1778 pertractaffls,
1767 1726 1875 1778 agat
1896 1722 1950 1764 de
1981 1723 2070 1764 fine

1216 1793 1411 1834 hominis
1449 1792 1713 1849 particulari
1751 1807 1828 1835 seu
1874 1793 2070 1836 beatitu-

1217 1864 1334 1919 dine‚
1368 1865 1422 1906 de
1455 1864 1716 1906 moralitate
1738 1864 1969 1907 actionum
1989 1864 2070 1907 hu-

1217 1951 1465 1991 manarum,
1488 1939 1711 1992 quatenus
1743 1935 1800 1977 ad
1832 1940 2071 1992 praecepta

1217 2021 1393 2049 morum
1424 2007 1510 2048 rite
1540 2005 1839 2061 intelligenda
1866 2011 1972 2048 sunt
1993 2021 2068 2048 ne-

1217 2079 1426 2132 cessaria3
1475 2082 1574 2119 tum
1622 2077 1676 2118 de
1718 2077 1817 2132 lege
1868 2078 2067 2119 naturali

1217 2149 1398 2205 ejusque
1423 2147 1790 2206 proprietatibus,
1822 2148 1876 2190 de
1908 2148 2066 2190 officiis

1216 2220 1412 2262 hominis
1443 2220 1491 2261 in
1523 2233 1685 2276 genere
1719 2223 1763 2260 et
1785 2219 1928 2276 specie
1958 2234 2066 2274 erga

1214 2291 1376 2346 Deum,
1408 2306 1515 2346 erga
1552 2289 1830 2347 proximum,
1865 2305 1972 2346 erga
2003 2305 2067 2332 se-

1214 2364 1377 2420 ipsum.

1356 2433 1427 2480 27.
1462 2437 1662 2483 (Principia
1675 2439 1769 2484 juris
1784 2438 1946 2483 publici.)
1971 2431 2066 2474 Cir-

1214 2520 1266 2547 ca
1297 2505 1428 2546 finem
1465 2519 1619 2546 cursus
1659 2503 1904 2561 explicabit
1943 2502 2066 2560 prin-

1213 2575 1331 2631 cipia
1363 2575 1417 2616 de
1444 2574 1544 2630 jure
1576 2574 1782 2630 publico;
1826 2588 1941 2630 quae
1973 2589 2066 2615 ma-

1212 2646 1362 2700 teriae,
1385 2661 1439 2687 ne
1458 2645 1624 2687 dilatae
1646 2644 1763 2687 forte
1781 2633 2063 2699 omittantur,

1212 2721 1426 2773 poterunt
1457 2716 1608 2770 etiam⁷
1641 2716 1678 2757 si
1709 2715 1756 2757 id
1790 2714 1958 2758 alicubi
1989 2730 2066 2771 op-

1212 2787 1450 2843 portunius
1471 2787 1717 2840 videretur,
1741 2789 1842 2843 post
1861 2788 2065 2842 praevias

1211 2858 1421 2900 notiones
1454 2858 1738 2915 pertractari.

1424 2963 1500 3010 28.
1934 2962 2064 3005 Ethi-

1189 3050 1287 3089 ¹cae
1334 3036 1630 3091 repetitiones
1683 3037 1843 3079 saltem
1892 3034 2063 3077 decimo

1211 3105 1371 3163 quinto
1432 3121 1610 3164 quoque
1672 3107 1743 3150 die
1793 3106 2062 3159 habeantur,

1570 2969 1866 3014 (Repetitiones.)
