2153 3467
352 208 439 249 444

534 217 642 252 Ratio
671 218 877 253 studiorum
903 222 941 253 et
967 219 1220 254 institutiones
1248 218 1491 254 scholasticae
1517 219 1713 254 Societatis
1738 219 1828 255 Jesu
1853 221 1889 255 II

352 339 546 394 plicetur
564 342 695 394 atque
716 339 942 394 exigatur,
973 343 1196 396 postremo
1224 339 1309 381 bus
1340 339 1413 382 vel
1447 339 1649 395 quotidie
1681 339 1884 394 utrique3
1925 343 2080 395 postea

353 408 504 450 thema
537 408 744 451 dictetur.
778 436 832 441 ——-
863 410 1038 453 Ultima
1070 411 1197 452 semi-

350 479 460 521 hora
483 480 710 522 matutina
731 481 911 537 utrique
943 481 1093 523 ordini
1119 481 1199 522 ali-

352 551 460 606 quid
484 566 538 592 ex
559 551 703 607 primo
726 552 1050 607 grammaticae
1081 552 1196 594 libro

347 621 480 677 juxta
517 626 692 678 partem
733 623 891 678 cuique
931 623 1199 679 descriptam

353 693 603 749 explicetur
643 698 720 736 aut
758 694 996 748 recolatur,
1035 694 1107 735 vel
1138 694 1200 735 al-

350 768 478 806 terno
493 779 668 820 quoque
681 765 751 805 die
763 764 954 819 singulis
966 764 1199 806 ordinibus

350 835 423 877 vel
456 836 658 891 quotidie
689 836 884 890 utrique,
918 840 1073 891 postea
1095 850 1198 877 vero

352 906 504 948 omnia
525 907 597 948 vel
621 922 646 947 a
668 907 888 961 Magistro
909 907 982 948 vel
1004 906 1199 948 invicem

352 992 429 1033 per
469 977 849 1019 concertationem
889 985 1197 1033 reposcantur,

492 1047 666 1096 Quibus
684 1053 833 1091 autem
851 1048 1010 1090 diebus
1026 1064 1197 1091 novum

351 1134 375 1158 a
414 1117 602 1173 prandio
644 1124 933 1175 praeceptum
971 1125 1198 1163 construc-

349 1188 487 1230 tionis
499 1204 590 1230 non
607 1190 691 1232 erit
702 1191 1044 1247 proponendum
1055 1192 1208 1248 (pluri-

350 1258 432 1300 bus
464 1260 584 1301 enim
616 1261 773 1303 diebus
806 1262 895 1304 fere
919 1262 1099 1317 singula
1129 1262 1196 1304 in-

349 1330 568 1373 culcanda
615 1335 756 1387 sunt),
810 1338 908 1375 tum
956 1334 1196 1390 praelectio

348 1400 456 1443 haec
488 1403 715 1445 matutina
746 1403 795 1445 in
825 1405 976 1446 locum
1007 1406 1197 1461 pomeri-

348 1472 509 1515 dianae
556 1476 788 1529 succedat,
839 1476 1002 1519 ultima
1048 1480 1198 1519 autem

350 1544 572 1586 semihora
593 1546 821 1588 matutina
855 1551 952 1589 tota
971 1552 1199 1590 concerta-

351 1615 468 1657 tioni
526 1631 602 1659 seu
668 1618 983 1661 exercitationi
1043 1633 1199 1662 conce-

349 1686 494 1729 datur.

489 1759 644 1801 Prima
654 1759 764 1801 hora
782 1762 1094 1817 pomeridiana
1109 1778 1198 1804 me-

349 1829 536 1870 moriter
576 1831 874 1885 grammatica
915 1836 1014 1874 tum
1053 1834 1198 1875 latina

348 1903 446 1940 tum
493 1916 655 1955 graeca
701 1902 934 1957 recitetur,
984 1919 1196 1960 recogno-

348 1975 498 2012 scente
519 1972 739 2027 Magistro
757 1973 1047 2016 decurionum
1065 1980 1197 2018 notas

349 2041 619 2098 scriptaque,
629 2045 702 2086 vel
712 2060 824 2100 quae
835 2061 965 2087 mane
975 2046 1196 2102 imperata

348 2118 473 2167 sunt,
520 2115 591 2156 vel
629 2130 743 2170 quae
780 2132 833 2158 ex
873 2117 1005 2159 domo
1046 2118 1196 2160 allatis

349 2186 672 2240 superfuerint,
736 2187 791 2229 ad

348 2255 616 2298 semihoram
665 2259 930 2313 corrigente.

843 2203 1067 2230 summum
1118 2205 1197 2245 per

1003 2260 1075 2302 Ad
1123 2276 1195 2302 ex-

350 2332 541 2370 tremum
597 2336 822 2386 postrema
875 2333 1195 2386 grammaticae

349 2400 591 2454 praelectio
624 2403 862 2446 recolatur.
899 2429 951 2433 ——
988 2404 1195 2446 Secunda

350 2469 457 2511 hora
471 2472 780 2527 pomeridiana
791 2475 1007 2530 superiori
1016 2475 1196 2530 quidem

352 2541 497 2583 ordini
550 2544 776 2599 syntaxis,
834 2545 1039 2587 inferiori
1091 2561 1196 2588 vero

1235 425 1341 453 vero
1382 410 1534 452 omnia
1572 411 1647 453 vel
1686 425 1712 452 a
1750 410 1968 465 Magistro
2007 410 2079 451 vel

1235 481 1432 524 invicem
1473 496 1551 538 per
1595 481 1972 524 concertationem
2013 495 2079 522 re-

1235 557 1490 609 poscantur.

1379 622 1553 671 Quibus
1570 627 1720 665 autem
1737 623 1894 665 diebus
1910 637 2080 665 novum

1238 710 1263 736 a
1302 694 1492 750 prandio
1532 698 1819 751 praeceptum
1859 708 1950 735 non
1994 693 2081 735 erit

1237 765 1457 821 (pluribus
1475 765 1594 807 enim
1614 765 1770 807 diebus
1790 765 1881 806 fere
1902 764 2081 819 singula

1236 836 1505 878 inculcanda
1516 840 1651 892 sunt),
1668 836 1834 890 variae,
1851 835 1905 878 de
1917 836 2081 892 quibus

1237 906 1356 949 infra
1393 908 1551 962 regula
1582 911 1658 963 45¹,
1700 906 1932 963 discipulis
1962 922 2081 948 exer-

1236 977 1474 1020 citationes
1505 978 1818 1035 injungantur.

1379 1050 1613 1092 Semihora
1645 1064 1920 1104 consequens
1951 1049 2085 1091 corri-

1236 1121 1394 1175 gendis
1425 1121 1603 1177 publice
1643 1120 1963 1177 scriptionibus
2002 1120 2085 1161 im-

1234 1192 1472 1248 pendatur.
1519 1218 1573 1223 —-
1618 1193 1780 1234 Tribus
1827 1192 1931 1233 dein
1978 1206 2085 1248 qua-

1235 1263 1473 1305 drantibus
1507 1268 1733 1320 repetatur
1774 1263 1972 1305 breviter
2009 1277 2086 1319 po·-

1234 1338 1400 1376 strema
1431 1336 1627 1378 auctoris
1664 1334 1799 1377 latini
1838 1333 2084 1391 praelectio

1234 1420 1443 1462 novaque
1459 1407 1709 1463 explicetur
1724 1411 1858 1461 atque
1874 1404 2085 1461 injunga-

1235 1481 1322 1519 tur.
1356 1505 1409 1508 —
1441 1478 1620 1521 Ultima
1652 1477 1875 1519 semihora
1897 1477 2085 1533 linguae

1235 1550 1504 1592 vernaculae
1551 1554 1595 1591 et
1643 1548 1898 1592 accessoriis
1942 1547 2086 1591 tribu-

1237 1624 1352 1663 atur.

1378 1753 1571 1808 Vespere
1599 1752 1744 1808 prima
1775 1751 1886 1793 hora
1918 1765 2085 1792 memo-

1237 1828 1300 1865 ter
1335 1828 1490 1865 auctor
1520 1823 1689 1865 latinus
1722 1827 1766 1864 et
1786 1822 2084 1878 grammatica

1234 1894 1459 1949 recitetur,
1491 1902 1842 1949 recognoscente
1863 1893 2083 1949 Magistro

1236 1966 1530 2008 decurionum
1550 1970 1695 2019 notas,
1729 1965 2084 2021 scriptionesque

1235 2053 1367 2079 mane
1401 2052 1492 2079 non
1524 2041 1743 2078 correctas
1776 2040 1854 2077 aut
1886 2035 1939 2077 de
1964 2049 2083 2077 novo

1234 2109 1469 2165 impositas
1482 2108 1750 2163 corrigente,
1765 2107 1821 2149 ad
1832 2110 2083 2148 extremum

1234 2185 1459 2237 postrema
1490 2179 1813 2234 grammaticae
1841 2177 2083 2234 praelectio

1232 2251 1470 2293 recolatur.
1493 2276 1541 2281 —
1565 2249 1771 2292 Secunda
1800 2249 1909 2291 hora
1927 2251 2084 2290 auctor

1234 2322 1402 2363 latinus
1448 2320 1697 2376 explicetur
1743 2324 1787 2361 et
1837 2319 2080 2368 recolatur;

1234 2407 1394 2447 graeco
1416 2405 1521 2434 Vero
1554 2391 1688 2447 paulo
1712 2391 1812 2447 plus
1832 2390 2083 2446 quadrante

1235 2464 1473 2515 tribuatur,
1506 2462 1593 2503 nisi
1620 2462 1689 2503 bis
1720 2461 1769 2503 in
1800 2461 2083 2503 hebdomada

1235 2533 1476 2591 praelectio
1515 2548 1676 2588 graeca
1716 2532 1885 2574 latinae
1917 2532 2082 2573 substi-

349 2612 606 2655 rudimenta
628 2615 682 2656 de
701 2616 941 2669 generibus
963 2605 1403 2684 nominum'tuenda
1450 2605 1684 2658 videatur,
1734 2603 1790 2645 ad
1831 2607 2081 2645 &Xbffimum

350 2698 400 2724 ac
432 2684 655 2741 deinceps¹
695 2687 1034 2742 quatuordecim
1072 2704 1199 2745 prae·
1237 2677 1387 2718 thema
1420 2675 1629 2717 difflssffls·
1666 2701 1717 2705 -”
1748 2674 1922 2718 Ustima
1954 2673 2081 2715 semi·

350 2760 477 2810 cepta
518 2757 832 2811 explanentur3
881 2759 1051 2813 graecis
1090 2774 1196 2801 vero
1236 2747 1345 2789 hora
1364 2746 1436 2788 VO]
1457 2746 1783 2788 ConssssrssaffiOni
1803 2745 1876 2787 Vel
1898 2744 2080 2799 linguae

348 2826 482 2881 paulo
523 2826 624 2882 plus
665 2828 915 2883 quadram&
952 2829 1194 2872 ssrjbuassun
1234 2819 1500 2860 vernaculae
1518 2817 1825 2860 etaccessoriis
1839 2817 2078 2858 tribuatur.

353 2922 403 2926 -
439 2897 614 2939 Ultima
645 2899 866 2941 semihora
903 2905 1194 2955 Gonoerssessur,
1237 2916 1286 2920 --a
1303 2889 1571 2931 Ininferiori
1589 2894 1739 2931 tamen
1751 2887 1906 2931 ordine
1919 2887 2081 2942 lingua

350 2968 421 3009 ve]
445 2969 630 3023 aliquod
650 2969 871 3012 (notatum
895 2987 948 3013 QX
970 2986 1194 3027 gramma-
1233 2960 1475 3003 vernacula
1491 2974 1651 3016 graeco
1669 2959 1884 3002 substitui
1899 2959 2077 3015 poterit.

350 3039 462 3081 tic-ae
494 3039 672 3095 legibus
703 3042 993 3097 expendatur.

497 3123 506 3142 ¹
533 3133 576 3157 m.
605 3134 671 3158 om.
701 3124 851 3165 „rudim
880 3125 923 3159 de
949 3135 1029 3170 gen.
1057 3135 1090 3159 n.
1118 3135 1159 3159 ac
1183 3125 1320 3160 deinc.“
