2153 3467
223 770 250 792 p.
265 761 324 785 125.

340 183 427 226 492

559 193 674 228 Ratio
703 193 906 228 studiorum
933 196 970 226 et
994 190 1249 226 institutiones
1276 188 1516 224 scholasticae
1542 187 1737 222 Societatis
1763 187 1785 222 J
1789 198 1851 223 esu
1876 188 1913 222 II

342 315 485 356 tiones
518 314 694 364 breues;
728 312 899 353 dabant
929 313 1240 367 praeceptores
1278 308 1398 349 bona
1429 310 1473 347 et

342 386 479 427 ubera
510 385 723 436 themata,
758 382 923 438 quibus
954 380 1086 423 facile
1119 378 1379 434 ingeniosus
1408 377 1473 419 di-

343 457 541 513 scipulus
574 456 825 497 orationem
862 454 1028 495 iustam
1061 451 1251 492 scribere
1281 453 1470 505 poterat.

343 527 514 577 Quodsi
545 527 657 568 tales
689 525 900 582 discipuli
932 524 1080 565 desint
1112 521 1369 576 aliquando,
1402 519 1474 561 uel

342 603 525 655 propter
557 596 831 654 paucitatem
853 595 1047 646 illorum,
1081 593 1153 634 1161
1183 594 1366 648 propter
1386 589 1475 631 sin-

345 670 549 725 gularem
580 668 777 724 aliquam
811 665 996 718 cladem,
1029 678 1121 705 non
1153 667 1221 705 est
1241 666 1474 719 propterea

345 741 629 784 immutanda
665 738 823 793 regula
855 736 931 778 sed
962 733 1253 791 Proluinciali
1283 733 1353 775 ius
1385 732 1474 774 dis-

345 812 566 870 pensandi
596 807 955 865 relinquendum.
979 831 1029 836 -ss
1061 806 1124 849 Vt
1153 808 1303 846 autem
1332 803 1476 845 nostri

344 883 557 926 intersint
577 879 836 924 huiusmodi
858 876 1276 929 declamationibus,
1298 874 1477 917 uidetur

347 969 538 1011 aequum
570 968 674 995 esse.
714 978 763 982 ——
796 949 933 993 Multi
964 952 1070 990 sunt
1089 949 1246 989 Patres
1279 946 1357 1002 qui
1378 960 1478 1003 pos-

347 1031 466 1080 sunt,
499 1024 632 1067 multi
655 1027 773 1076 sunt,
806 1036 917 1077 quos
941 1024 1077 1073 aetas,
1109 1017 1343 1075 occupatio
1364 1016 1477 1059 seria

349 1098 420 1140 uel
454 1097 543 1138 alia
573 1096 694 1137 iusta
720 1093 919 1136 conditio
940 1095 1136 1145 excusat,
1169 1089 1246 1131 sed
1266 1103 1475 1146 praecep-

349 1173 467 1211 tores
497 1172 541 1209 et
574 1167 651 1222 qui
682 1164 854 1220 alioqui
891 1178 972 1220 per
1011 1162 1155 1204 otium
1191 1164 1397 1218 possunt,
1430 1159 1480 1201 hi

350 1239 508 1282 merito
541 1238 653 1280 tales
671 1236 895 1279 orationes
927 1238 1091 1276 ornant
1111 1248 1191 1275 sua
1213 1230 1478 1289 praesentia.

349 1312 569 1368 Opportet
601 1315 754 1351 tamen
783 1308 921 1349 etiam
943 1305 1180 1347 Orationes
1199 1318 1291 1345 esse
1311 1303 1480 1355 breues,

349 1388 394 1424 et
425 1397 517 1424 non
549 1381 870 1437 agglomerare,
902 1381 953 1419 vt
983 1377 1074 1419 iam
1106 1376 1171 1429 fit,
1203 1390 1303 1417 cum
1333 1373 1481 1416 Orati-

349 1454 511 1496 onibus
551 1452 751 1495 carmina
788 1464 967 1506 graeca,
1016 1451 1094 1489 aut
1131 1447 1196 1488 ita
1238 1445 1482 1503 producere

352 1525 609 1577 OrationeS,
630 1527 682 1565 vt
702 1522 848 1578 magis
869 1520 1106 1564 conciones
1127 1517 1271 1560 uideri
1294 1516 1480 1574 possint,

352 1612 486 1652 quam
533 1594 878 1638 exercitationes
926 1590 1272 1646 discipulorum,
1321 1587 1480 1629 deinde

351 1666 645 1724 expectando,
664 1663 975 1720 colloquendo,
989 1662 1180 1703 honores
1195 1659 1416 1716 captando
1428 1673 1479 1702 zc.

351 1739 546 1781 multum
577 1737 791 1794 temporis
822 1735 1046 1793 perditur,
1085 1737 1129 1774 et
1166 1730 1348 1773 difficile
1386 1730 1483 1771 red-

352 1810 475 1852 ditur
507 1810 627 1865 quod
660 1823 738 1866 per
769 1823 813 1849 se
835 1806 968 1849 facile
1000 1804 1143 1847 uideri
1174 1808 1339 1860 potest.

495 1883 563 1924 33.
626 1880 681 1921 In
725 1878 809 1920 hac
849 1877 991 1933 igitur
1039 1876 1225 1931 [regula]
1265 1875 1318 1917 de
1352 1889 1484 1916 com-

354 1952 645 1994 mittendis
677 1949 884 1992 scholis
915 1949 1065 1989 inter
1108 1962 1182 2001 se,
1215 1947 1286 1989 cui
1317 1946 1483 2003 passim

354 2029 398 2066 et
428 2039 454 2065 a
491 2023 711 2080 plerisque
755 2021 1047 2073 reclamatur,
1086 2019 1222 2074 idque
1258 2032 1350 2060 non
1388 2017 1483 2059 sine

353 2096 546 2149 ratione,
588 2094 625 2135 si
657 2097 908 2150 spectemus
947 2090 1250 2132 conditionem
1289 2088 1483 2145 discipu-

354 2168 502 2209 lorum
533 2166 667 2208 huius
697 2163 973 2221 prouinciae:
1008 2162 1114 2217 quia
1134 2161 1250 2202 nihil
1271 2160 1358 2202 nisi
1390 2175 1484 2216 per-

356 2238 555 2280 turbatio
588 2236 842 2278 animorum
874 2234 977 2275 inde
1010 2232 1291 2289 expectanda
1322 2238 1404 2285 est3
1446 2231 1483 2272 si

356 2309 545 2351 uincant
587 2307 837 2365 Superioris
875 2305 1052 2347 scholae
1092 2303 1320 2360 discipuli,
1358 2303 1484 2344 nulla

357 2381 465 2436 ipsis
497 2380 582 2421 erit
613 2379 772 2433 gloria,
806 2383 849 2419 et
881 2391 1008 2432 saepe
1045 2379 1225 2432 propter
1258 2374 1482 2430 quaestio-

355 2466 432 2492 nes
465 2451 715 2508 propositas
747 2450 802 2491 ab
840 2448 1130 2490 inferioribus
1168 2447 1482 2488 irritabuntur.

359 2523 406 2564 Si
448 2523 708 2575 uincantur,
749 2520 992 2562 maximam
1032 2518 1320 2561 sustinebunt
1358 2519 1484 2573 igno-

358 2593 561 2646 miniam,
594 2608 674 2634 nec
706 2593 799 2634 vllo
833 2596 1031 2647 tempore
1071 2589 1328 2642 delebilem,
1366 2587 1484 2630 vnde

357 2679 523 2720 magna
554 2665 656 2706 odia
687 2669 731 2705 et
762 2662 1020 2716 rixationes,
1052 2676 1228 2717 pugnas
1268 2659 1373 2701 oriri
1410 2674 1485 2700 116-

359 2751 475 2777 cesse
518 2739 603 2789 est,
646 2736 762 2777 sicut
803 2732 1079 2791 experientia
1110 2731 1282 2773 docuit:
1325 2730 1483 2772 deinde

359 2813 576 2860 cogentur
599 2807 753 2863 Superi
761 2806 848 2847 oris
865 2804 1040 2846 scholae
1061 2802 1267 2858 discipuli
1288 2807 1483 2858 repetere

359 2878 535 2919 minuta
575 2877 653 2918 illa
692 2882 950 2933 praecepta,
999 2889 1099 2916 cum
1147 2879 1322 2928 tempus
1369 2872 1482 2914 illud

360 2948 516 2989 Vtilius
562 2948 779 2989 collocare
828 2951 1008 3003 possent
1053 2945 1101 2986 in
1149 2944 1483 3000 praestantiori-

363 3020 444 3061 bus
467 3033 516 3063 zc.
570 3019 679 3060 Illae
698 3023 851 3059 tamen
874 3016 1220 3059 declamationeS
1250 3003 1483 3045 habendae

363 3089 622 3132 alternatim
637 3089 756 3130 inter
776 3088 995 3130 Rhetorcs
1018 3091 1062 3129 et
1077 3086 1372 3128 Humanistas
1394 3099 1485 3127 om-

1609 1878 1689 1920 Ad
1721 1880 1790 1922 33.
1832 1875 2014 1919 Seruari
2034 1876 2083 1917 in

1519 1950 1760 1992 Prouincia
1808 1963 1900 1991 non
1959 1962 2086 2004 posse

1522 2021 1641 2077 quod
1674 2020 1727 2063 de
1749 2017 2086 2062 committendis

1519 2092 1638 2133 inter
1667 2107 1712 2133 se
1752 2091 1809 2133 ad
1851 2091 2084 2147 disputan-

1522 2163 1629 2205 dum
1649 2162 1812 2204 scholis
1827 2160 2087 2218 praescribi-

1521 2238 1608 2276 tur.
1664 2259 1718 2265 -
1771 2234 1826 2275 R.
1880 2234 1969 2274 Res
2020 2235 2087 2273 est

1521 2304 1685 2346 nostris
1739 2302 2085 2346 Constitutioni-

1521 2376 1604 2418 bus
1663 2379 1981 2428 consentanea,
2043 2377 2088 2415 et

1521 2462 1623 2489 611111
1655 2446 1805 2488 fructu
1827 2446 1901 2487 hic
1938 2444 2086 2487 obser-

1521 2522 1668 2560 uatur.
1721 2517 1868 2566 Quare
1900 2516 1948 2556 in
1988 2514 2087 2557 vni-

1522 2602 1699 2630 uersum
1714 2587 1813 2629 tolli
1823 2601 1914 2628 non
1927 2590 2086 2642 potest.

1522 2658 1698 2700 Poterit
1718 2662 1872 2698 tamen
1894 2655 2085 2698 Prouin-

1523 2730 1662 2784 cialis,
1695 2728 1840 2770 sicubi
1872 2728 1992 2770 facto
2014 2742 2088 2784 pe—

1521 2801 1662 2842 riculo
1695 2799 1742 2841 id
1764 2799 1915 2840 minus
1937 2813 2085 2840 succe-

1520 2873 1622 2914 dere
1652 2870 1818 2924 uideat,
1851 2870 1900 2911 in
1922 2883 1972 2910 eo
1990 2869 2087 2911 loco

1519 2943 1787 2998 dispensare.
1849 2939 1999 2995 (Ibid.)
