2089 3381
608 129 764 167 Zweites
791 129 982 166 Schreiben
1010 129 1230 173 Aquaviva-⁴.
1264 132 1359 165 1586.
1778 118 1832 166 13

144 252 238 294 eius
270 252 559 293 autoritatem
591 255 635 292 et
666 250 957 292 securiorem1
987 264 1038 291 ac
1070 250 1216 304 magis
1250 249 1546 306 approbabam
1567 251 1832 305 doctrinam,

145 338 279 378 quam
313 323 655 364 constitutiones
687 325 745 377 (p.
767 324 808 364 4.
833 336 868 362 c.
895 323 961 364 14.
984 320 1050 362 lit.
1074 320 1125 362 B.
1148 324 1191 361 et
1214 335 1250 363 c.
1274 321 1313 364 5.
1334 334 1377 360 n.
1400 320 1459 373 4.)
1503 321 1831 375 commendant,

142 394 257 435 illud
289 394 472 435 omnino
506 392 775 435 seruandum
795 391 892 445 erit,
924 396 976 432 ut
996 406 1097 433 eum
1118 390 1343 433 ordinarie
1366 394 1622 446 sequantur.
1687 392 1833 441 Quare

141 479 233 506 non
265 465 397 506 modo
431 477 717 520 quascunque
748 462 842 504 eius
875 461 1107 519 opiniones
1141 464 1335 518 (praeter
1371 461 1498 502 illam
1539 460 1593 502 de
1633 467 1833 518 concept.

142 536 452 591 B¹¹3³¹⁶Virgin.)
486 535 721 577 defendere
753 533 919 587 licebit,
954 533 1031 575 sed
1062 533 1200 575 etiam
1232 533 1289 575 ab
1320 532 1411 574 illis
1443 547 1536 574 non
1557 532 1645 574 nisi
1667 547 1832 588 magno

141 622 243 648 cum
282 606 465 660 iudicio,
506 610 551 648 et
589 605 845 647 efficacibus
883 605 1139 647 rationibus
1176 604 1494 646 discedendum
1533 603 1657 645 erit.2
1720 604 1830 645 Cum

140 692 246 733 ergo
280 693 380 719 eum
411 678 460 719 in
492 677 656 718 scholis
695 677 861 731 legent,
902 675 996 717 eius
1036 679 1278 731 sequentur
1310 674 1526 729 ordinem,
1565 674 1660 716 eius
1699 689 1833 730 quae-

140 748 307 790 stiones
340 753 384 790 et
416 748 628 790 articulos
660 747 967 804 explicabunt,
1000 746 1089 788 nisi
1115 747 1194 802 qui
1214 750 1398 803 propter
1419 745 1687 788 facilitatem
1707 760 1835 802 prae-

140 819 425 861 termittendi
475 818 764 862 uidebuntur.
854 817 986 868 Quod
1044 832 1146 859 cum
1196 817 1292 872 fiet,
1355 822 1508 859 tamen
1568 821 1835 873 praeceptor

139 890 336 932 breuiter
367 905 520 932 eorum
552 889 773 931 indicabit
804 893 1137 944 argumentum,
1171 893 1216 931 et
1248 888 1487 943 auditoreS,
1518 893 1571 930 ut
1600 903 1679 945 per
1709 903 1754 930 se
1774 888 1835 930 le-

139 967 264 1017 gant,
298 961 625 1003 adhortabitur.

280 1036 318 1076 2.
350 1033 407 1074 In
446 1031 647 1074 docendo
695 1029 1052 1074 corroborandae
1094 1031 1143 1073 in
1188 1029 1347 1087 primis
1393 1029 1512 1084 fidei,
1560 1028 1834 1084 alendaeque

137 1104 322 1160 pietatis
355 1118 461 1145 cura
490 1103 723 1145 habeatur.
770 1102 913 1144 Nemo
944 1101 1088 1157 igitur
1119 1101 1363 1157 quicquam
1395 1101 1565 1155 doceat,
1589 1100 1709 1156 quod
1732 1115 1834 1142 cum

136 1175 362 1217 Ecclesiae
409 1190 540 1217 sensu
586 1174 863 1230 receptisque
908 1172 1232 1215 traditionibus
1278 1187 1372 1214 non
1418 1172 1530 1214 bene
1573 1171 1832 1226 conueniat,

139 1246 346 1301 quodque
393 1245 544 1301 aliquo
585 1245 718 1287 modo
757 1245 894 1286 robur
929 1243 1047 1298 fidei,
1093 1248 1137 1285 et
1183 1244 1354 1285 solidae
1396 1243 1582 1299 pietatis
1627 1243 1831 1285 ardorem

138 1317 330 1358 minuat.

279 1391 318 1433 3.
350 1387 569 1444 Expedit3
602 1388 751 1442 etiam,
795 1387 875 1429 ubi
912 1387 1089 1429 nullum
1127 1385 1235 1428 fidei
1273 1390 1318 1427 et
1355 1386 1540 1443 pietatis
1580 1385 1831 1443 periculum

135 1459 355 1514 imminet,
388 1459 685 1516 suspicionem
716 1458 862 1500 uitare
894 1457 1031 1514 studij
1063 1472 1134 1499 res
1156 1457 1373 1499 moliendi
1394 1472 1549 1512 nouas,
1586 1462 1664 1500 aut
1685 1472 1832 1499 nouae

137 1530 396 1572 condendae
433 1530 701 1572 doctrinae.4
768 1528 916 1578 Quare
954 1543 1085 1570 nemo
1128 1528 1387 1584 opinionem
1424 1527 1566 1569 ullam
1607 1526 1832 1581 defendat,

139 1617 252 1658 quae
292 1605 449 1644 contra
487 1606 670 1658 recepta
706 1599 1076 1658 philosophorum
1117 1604 1195 1641 aut
1235 1599 1552 1654 theologorum
1591 1598 1833 1653 axiomata,

136 1673 209 1714 uel
240 1677 396 1715 contra
427 1687 709 1715 communem
741 1671 994 1714 scholarum
1025 1670 1406 1726 theologicarum⁵
1429 1685 1608 1712 sensum
1628 1685 1653 1711 a
1675 1669 1833 1727 pleris-

137 1759 222 1800 que
252 1743 364 1785 uiris
397 1743 542 1786 doctis
574 1758 665 1785 esse
695 1743 933 1785 iudicetur.

277 1817 318 1858 4.
352 1818 469 1868 Quae
519 1813 764 1870 opiniones,
816 1813 1123 1869 cuiuscunque
1176 1811 1345 1855 autoris
1406 1812 1510 1868 sint,
1572 1811 1622 1854 in
1683 1812 1835 1868 aliqua

135 1885 378 1928 Prouincia
426 1889 505 1927 aut
554 1885 739 1927 ciuitate
790 1885 956 1927 multos
1001 1890 1081 1927 aut
1125 1889 1382 1927 nostrorum
1429 1889 1507 1925 aut
1547 1888 1836 1925 externorum

138 1957 396 2010 catholicos,
430 1961 475 1998 et
504 1971 597 1998 non
627 1956 834 1998 indoctos
866 1956 1089 1998 offendere
1120 1955 1330 2010 scientur,
1375 1970 1448 1997 eas
1478 1955 1544 1997 ibi
1581 1969 1714 1997 nemo
1754 1954 1832 1996 do-

139 2033 236 2071 ceat
269 2033 347 2070 aut
378 2027 605 2082 defendat,
639 2027 846 2083 quamuis
879 2027 989 2069 alibi
1020 2027 1115 2069 sine
1148 2027 1393 2069 offensione
1425 2026 1683 2068 doceantur.

279 2103 319 2144 5.
351 2100 407 2141 In
439 2099 777 2155 quaestionibus
809 2099 865 2140 ab
898 2098 998 2154 alijs
1031 2103 1135 2140 ante
1165 2097 1374 2140 tractatis
1412 2112 1543 2139 nemo
1582 2111 1726 2139 nouas
1769 2111 1833 2138 se-

139 2175 304 2226 quatur
335 2170 580 2227 opinioneS,
613 2175 692 2212 aut
730 2170 779 2212 in
809 2170 953 2224 rebus,
988 2184 1102 2226 quae
1139 2170 1213 2211 uel
1254 2169 1311 2211 ad
1348 2168 1614 2223 religionem
1654 2183 1834 2224 quoquo

139 2242 273 2284 modo
304 2241 527 2298 pertinere
558 2246 758 2298 possunt,
790 2242 864 2283 uel
895 2241 1085 2283 alicuius
1116 2240 1334 2283 momenti
1365 2243 1483 2294 sunt,
1521 2254 1663 2281 nouas
1693 2239 1835 2281 intro-

139 2313 276 2354 ducat
308 2312 607 2368 quaestiones,
639 2312 863 2369 praefecto
896 2312 1149 2354 studiorum
1187 2312 1261 2354 uel
1292 2312 1519 2368 superiore
1556 2311 1831 2364 inconsulto3

140 2384 230 2440 qui,
263 2385 301 2425 si
332 2384 630 2439 dubitabitur,
664 2399 723 2426 an
753 2399 822 2426 res
852 2383 1154 2441 permittenda
1175 2383 1246 2437 sit,
1279 2382 1499 2440 expediet,
1531 2397 1619 2438 quo
1650 2382 1832 2424 suauius

139 2455 188 2496 id
218 2455 310 2510 fiat,
342 2459 394 2497 ut
426 2455 617 2497 aliorum
648 2455 785 2497 etiam
816 2460 1086 2508 nostrorum,
1126 2454 1204 2510 qui
1235 2453 1289 2496 de
1320 2469 1371 2495 ea
1401 2469 1448 2495 re
1478 2454 1680 2496 iudicare
1710 2457 1833 2510 pote-

139 2530 260 2580 runt,
292 2525 511 2567 iudicium
541 2526 784 2582 intelligat,
826 2531 871 2568 et
903 2526 1097 2579 demum,
1135 2524 1255 2581 quod
1290 2524 1378 2581 ipsi
1410 2524 1468 2567 ad
1499 2525 1713 2567 maiorem
1744 2523 1830 2565 Dei

141 2596 332 2652 gloriam
362 2596 511 2638 uisum
542 2597 691 2653 fuerit,
723 2597 1012 2654 praescribat.

289 2738 299 2760 ¹
331 2738 355 2775 1.
384 2737 616 2776 severiorem.

286 2801 299 2819 ²
336 2800 359 2834 l.
385 2800 467 2844 gibt
497 2800 592 2835 bloss
626 2801 696 2836 den
721 2801 926 2845 Auszug:
964 2802 1106 2843 „Quare
1137 2796 1239 2835 modo
1268 2807 1504 2844 quascunque
1533 2796 1611 2844 ejus
1639 2795 1826 2842 opiniones

143 2859 210 2903 (pr.
236 2859 290 2894 ill.
316 2860 360 2894 de
387 2870 484 2894 conc.
512 2859 552 2893 B.
577 2860 623 2905 V)
651 2861 846 2896 defendere
872 2860 1028 2895 licebit.‘··

288 2918 301 2938 ⁸
325 2919 348 2953 1.
376 2918 558 2961 expediet.

287 2978 301 2997 ⁴
325 2978 348 3012 l.
376 2982 442 3012 aut
466 2988 545 3012 nov.
572 2977 687 3013 doctr.
714 2978 816 3012 cond.

290 3036 302 3055 ⁵
327 3037 350 3071 1.
378 3037 428 3071 th.
457 3037 570 3073 schol.
