2148 3402
715 178 757 215 R.
773 184 817 215 st.
841 179 939 215 1586.
990 177 1146 215 Gradus.
1692 169 1772 212 lll

85 297 247 340 Italiae
280 298 522 354 academijs
565 298 780 341 facillime
818 298 1009 354 gradum
1050 302 1402 354 consequantur,
1435 299 1469 339 si
1505 299 1661 340 velint.
1725 299 1779 340 In

85 369 329 411 Germania
361 384 540 425 quoque
573 374 727 411 tantae
758 369 991 411 dilationis
1022 369 1265 411 interualla
1291 369 1370 410 vix
1402 369 1664 423 tolerantur,
1696 385 1779 410 nec

81 454 241 496 parum
280 441 555 496 praestitisse
597 456 642 482 se
680 444 867 498 putant,
916 440 953 481 si
999 439 1349 495 quadriennium
1389 439 1660 494 Theologiae
1698 441 1779 481 im-

82 510 306 567 pendant:
340 515 384 552 et
414 516 527 553 esset
557 511 649 552 illis
681 510 854 566 aliquid
883 510 1227 564 remittendum,
1261 509 1464 565 alioquin
1504 509 1781 552 deterrentur

83 594 110 621 a
150 580 406 623 Doctoratu
452 581 667 638 petendO,
717 585 766 622 vt
812 595 978 637 paucos
1021 581 1212 637 proinde
1260 581 1478 622 Doctores
1525 580 1781 622 Catholicos

83 651 246 693 habeat
271 652 528 706 Germania,
561 667 663 694 cum
683 651 884 693 abundet
907 652 1182 694 Doctoribus
1203 651 1455 705 haereticis,
1491 652 1612 706 quod
1629 667 1779 693 eorum

83 723 307 779 promotio
340 738 512 780 semper
542 723 591 765 in
628 726 840 779 promptu
886 723 958 763 sit.
1020 723 1075 764 In
1109 722 1261 765 Gallia
1293 737 1468 778 quoque
1509 722 1625 763 nihil
1663 723 1783 764 vltra

83 792 266 849 triennij
299 793 436 836 finem
469 798 711 851 expectant
744 793 1023 850 Philosophi,
1054 797 1108 836 vt
1125 793 1338 848 Magistri
1368 793 1494 844 fiant,
1529 793 1648 848 quod
1682 797 1782 834 tan-

83 868 178 906 tam
209 879 381 906 moram
412 880 504 907 non
536 865 705 919 ferant,
748 880 850 907 cum
888 869 1132 922 properent
1178 864 1234 906 ad
1267 865 1426 920 Leges.
1488 864 1542 905 Id
1582 864 1701 919 quod
1738 870 1784 905 et

84 934 324 977 Germanis
357 936 522 979 accidit
551 936 838 993 Philosopliis
871 936 927 978 ob
961 935 1072 978 alias
1103 951 1273 977 causas.
1338 934 1601 977 Consideret
1632 935 1785 990 itaque

84 1006 140 1049 R.
159 1007 209 1048 P.
229 1006 488 1062 Generalis,
536 1023 595 1050 an
627 1023 729 1049 cum
760 1007 890 1049 Italis
920 1011 965 1048 et
996 1006 1309 1063 Transalpinis
1356 1006 1612 1063 dispensare
1658 1007 1785 1053 velit,

87 1091 188 1119 cum
220 1078 484 1134 praesertim
517 1078 875 1121 Constitutiones
907 1077 1076 1120 ibidem
1111 1078 1272 1133 [litera]
1305 1078 1358 1121 B.
1393 1077 1571 1131 dicant,
1614 1077 1662 1119 id
1694 1093 1785 1119 esse

84 1148 355 1191 seruandum
386 1154 439 1191 vt
469 1150 730 1207 plurimum.
787 1149 1024 1191 Germanis
1056 1163 1233 1205 quoque
1266 1148 1509 1204 Theologis
1540 1153 1689 1205 posset
1719 1149 1786 1190 in-

85 1217 276 1274 dulgeri,
309 1224 361 1262 vt
392 1220 441 1262 in
473 1220 561 1262 fine
598 1220 763 1277 biennij
787 1219 983 1276 primum
1005 1219 1233 1261 celebrent
1256 1224 1408 1261 actum
1431 1234 1518 1275 quo
1542 1220 1655 1261 fiant
1675 1220 1786 1262 Bac-

86 1289 285 1332 calaurei
318 1296 565 1346 currentes,
607 1291 792 1334 formati
823 1305 928 1333 vero
960 1291 1010 1332 in
1040 1290 1130 1332 fine
1169 1290 1352 1347 triennij
1392 1295 1496 1347 post
1534 1295 1685 1333 actum
1725 1292 1786 1333 al-

85 1363 245 1416 terum,
277 1366 330 1405 vt
360 1362 446 1405 hoc
476 1363 643 1420 pabulo
676 1362 964 1404 detineantur
993 1361 1042 1403 in
1073 1366 1228 1404 nostra
1254 1362 1515 1416 Academia,
1550 1366 1685 1418 atque
1717 1363 1787 1404 illi

87 1429 175 1473 duo
198 1436 324 1476 actus
346 1434 639 1490 computandi
669 1437 815 1476 essent
845 1433 968 1475 inter
998 1448 1086 1487 eos,
1119 1433 1198 1489 qui
1229 1432 1287 1474 ad
1307 1433 1608 1475 Doctoratum
1640 1449 1787 1476 neces-

88 1502 191 1559 sarij
215 1508 334 1559 sunt,
357 1519 490 1561 quem
513 1510 665 1548 tamen
688 1504 912 1561 suscipere
943 1519 1035 1546 non
1058 1504 1283 1558 deberent,
1315 1504 1405 1546 nisi
1423 1509 1526 1561 post
1550 1505 1787 1561 quadrien-

89 1573 230 1625 nium,
245 1575 482 1619 celebratis
498 1577 600 1619 aliis
622 1577 819 1631 actibus,
853 1575 989 1617 etiam
1011 1576 1049 1616 si
1067 1575 1279 1617 nonnulli
1306 1575 1354 1617 in
1375 1576 1572 1633 patriam
1604 1576 1786 1618 interim

88 1645 305 1700 redirent,
337 1647 418 1690 vbi
450 1654 495 1689 et
533 1647 625 1690 suis
656 1647 857 1703 negociis
897 1651 941 1689 et
972 1646 1152 1703 priuato
1189 1647 1340 1688 studio
1372 1651 1606 1702 vacarent,
1639 1662 1786 1689 reuer-

89 1717 184 1759 suri
214 1717 375 1761 deinde
404 1719 756 1762 inAcademiam
787 1720 1013 1773 Nostram,
1048 1717 1227 1774 quando
1261 1717 1514 1774 oportuerit
1546 1717 1602 1760 ad
1635 1717 1788 1762 docto,

89 1792 240 1830 ratum
280 1790 626 1847 suscipiendum.
662 1817 714 1822 ——

230 1862 271 1905 3.
303 1861 630 1904 Promouendis
662 1862 719 1904 ad
751 1861 919 1917 gradus
949 1860 1170 1903 examinis
1200 1865 1245 1903 et
1284 1864 1470 1902 actuum
1491 1860 1493 1917 l
1513 1861 1654 1915 ratio,
1702 1861 1781 1903 ubi
1804 1888 1831 1911 p.
1850 1880 1910 1903 146.

90 1930 283 1974 seuerior
314 1932 403 1974 alia
439 1948 532 1975 non
568 1932 708 1975 fuerit
746 1948 799 1974 ex
846 1932 1058 1975 instituto
1106 1936 1150 1974 et
1195 1931 1465 1974 fundatione
1503 1931 1788 1986 Academiae,

86 2000 346 2045 istiusmodi
378 2004 723 2060 praescribenda
753 2004 948 2046 videtur.
1012 2003 1244 2060 Principio
1293 2002 1587 2045 candidatum
1634 2007 1787 2059 aperto

90 2073 234 2130 capite
257 2074 486 2117 sedentem
506 2076 556 2117 in
578 2090 759 2117 scamno
783 2076 1003 2118 Doctores
1025 2089 1103 2116 seu
1120 2073 1330 2129 Magistri
1349 2073 1562 2129 quinque,
1598 2089 1787 2129 quorum

91 2159 208 2187 vnus
240 2160 291 2187 ac
321 2147 504 2188 Praeses
536 2146 595 2188 sit
628 2146 934 2189 Cancellarius
978 2161 1055 2188 seu
1086 2146 1346 2188 Praefectus
1389 2145 1663 2199 studiorum,
1696 2146 1788 2201 pri-

90 2216 235 2258 uatim
265 2217 525 2259 examinent
558 2217 730 2259 duabus
762 2217 897 2272 horis,
930 2216 1291 2272 argumentando
1322 2231 1669 2272 nonnunquam,
1714 2217 1790 2258 sed

92 2287 268 2344 saepius
298 2288 620 2344 interrogando
653 2288 705 2330 de
737 2288 988 2345 praecipuis
1020 2288 1159 2330 totius
1179 2287 1452 2343 Theologiae
1483 2288 1556 2330 vel
1588 2288 1791 2330 Philoso-

92 2357 224 2414 phiae
257 2359 612 2415 quaestionibUS,
654 2375 765 2415 quas
805 2359 948 2416 pridie
979 2358 1241 2400 Praefectus
1280 2358 1524 2400 distribuat
1565 2359 1791 2401 examina-

92 2429 280 2472 toribus.
342 2431 564 2473 Examine
595 2435 775 2488 peracto
808 2434 938 2472 exeat
969 2430 1259 2484 candidatus,
1292 2434 1336 2471 et
1367 2430 1474 2471 dum
1514 2429 1624 2471 foris
1656 2444 1790 2486 oppe-

92 2500 222 2556 ritur,
254 2500 374 2544 inter
406 2517 451 2543 se
483 2501 730 2544 deliberent
762 2501 1114 2555 examinatores,
1148 2516 1205 2542 an
1238 2500 1448 2544 videatur
1478 2500 1680 2555 idoneus,
1714 2500 1792 2556 qui

95 2571 152 2614 ad
183 2576 306 2615 actus
347 2572 551 2629 publicos
590 2572 883 2627 admittatur,
930 2571 1224 2629 pluribusque
1255 2571 1483 2626 suffragiis
1529 2586 1598 2613 res
1644 2571 1792 2613 decer-

94 2648 242 2686 natur.
305 2643 436 2694 Quod
465 2643 503 2685 si
533 2644 736 2686 nondum
768 2648 900 2701 aptus
931 2642 1229 2697 iudicabitur,
1268 2642 1606 2699 perhumaniter
1647 2642 1688 2684 ei
1719 2641 1792 2684 de-

94 2715 276 2756 nuntiet
314 2714 574 2757 Praefectus
619 2729 749 2770 egere
796 2714 926 2756 illum
973 2713 1256 2756 diuturniore
1303 2713 1467 2757 studio.
1537 2714 1789 2769 Postquam

95 2800 202 2828 vero
235 2785 470 2842 aliquanto
502 2785 765 2841 diligentius
796 2785 1033 2840 studuerit,
1067 2785 1257 2827 alterum
1290 2784 1359 2826 illi
1391 2799 1579 2826 examen
1600 2784 1792 2826 subeun-

97 2855 204 2899 dum
235 2860 316 2899 est.
385 2857 467 2899 Sin
496 2856 640 2899 maior
670 2857 802 2899 illum
840 2871 944 2913 pars
980 2855 1195 2898 idoneum
1226 2854 1464 2908 censuerit,
1507 2855 1592 2897 hoc
1630 2855 1701 2896 illi
1731 2854 1790 2895 si-

97 2928 281 2982 gnificet
311 2927 583 2981 Praefectus,
617 2933 661 2969 et
691 2928 811 2969 diem
843 2927 979 2984 primi
1010 2932 1138 2969 actus
1161 2927 1417 2969 celebrandi
1440 2926 1700 2968 constituat.
1735 2950 1788 2955 —-

238 3001 278 3043 4.
311 2998 454 3040 Actus
484 2997 688 3055 publicos
721 2999 919 3054 quinque
940 2997 1196 3054 Theologus
1216 2997 1456 3054 persolvat,
1491 3010 1680 3052 quorum
1701 2995 1789 3051 pri-

99 3082 194 3111 ores
226 3073 418 3126 quatuor
449 3069 540 3110 sint
570 3069 878 3125 particulares,
910 3069 995 3111 hoc
1026 3073 1105 3124 est,
1138 3083 1192 3110 ex
1223 3081 1314 3110 vna
1347 3068 1392 3112 S.
1417 3068 1617 3110 Thomae
1636 3066 1787 3120 Parte,
