2153 3467
350 171 438 214 446

527 182 638 217 Ratio
665 182 866 218 studiorum
894 187 932 219 et
956 183 1213 221 institutiones
1240 183 1481 220 scholasticae
1506 183 1703 220 Societatis
1729 185 1819 220 Jesu
1843 185 1882 220 II

492 300 578 343 Die
616 301 794 343 sabbati
830 317 962 345 mane
998 303 1143 360 prima
1181 303 1293 345 hora
1325 302 1505 359 publice
1539 302 1788 345 recitentur
1825 303 2083 346 memoriter

352 371 493 413 totius
530 370 837 414 hebdomadae
875 374 1208 430 praelectiones.
1274 373 1483 416 Secunda
1521 373 1631 416 hora
1661 373 1938 428 recolantur3
1977 374 2085 416 ulti-

351 456 426 484 ma
448 442 670 484 semihora
691 448 974 487 concertetur
992 447 1072 499 (vel
1090 449 1361 487 concertetur
1383 445 1448 486 rel
1469 445 1761 497 declametur).
1787 470 1831 475 -
1855 444 1983 486 Idem
2004 445 2085 487 fiat

353 527 378 554 a
408 512 612 569 prandio,
650 513 738 555 nisi
769 514 890 570 quod
921 515 1067 571 prima
1097 516 1207 558 hora
1239 515 1373 556 simul
1405 529 1506 557 cum
1537 515 1837 570 grammatica
1869 515 2086 557 recitatur

353 583 488 625 etiam
521 584 840 627 Catechismus
867 609 917 616 -—
941 586 1116 629 Ultima
1148 585 1369 628 semihora
1400 586 1449 627 in
1480 586 1780 642 explicatione
1813 585 2087 629 Oatechismi

352 655 425 696 vel
467 654 543 711 pia
583 654 906 711 cohortatione,
951 656 1040 698 nisi
1079 656 1191 698 feria
1221 662 1349 698 sexta
1380 656 1539 698 habita
1570 656 1721 711 fuerit,
1752 661 1963 713 ponetur;
2013 656 2084 698 sin

354 730 520 780 autem,
553 726 601 768 in
625 742 676 768 ea
708 741 755 768 re
777 726 928 781 ferme,
962 727 1011 768 in
1033 727 1158 784 cujus
1179 727 1328 770 locum
1349 732 1449 769 tum
1472 727 1781 770 Oatechismus
1802 732 2086 778 successerat,

496 797 540 843 3.
572 797 628 839 In
659 798 901 854 scriptione
934 798 1199 854 corrigenda
1229 798 1410 853 indicet,
1452 799 1490 840 si
1522 798 1632 854 quid
1664 802 1820 840 contra
1850 802 2088 856 praecepta

353 868 687 924 grammaticae,
712 868 1074 926 orthographiae,
1103 869 1478 927 interpunctionis
1500 873 1748 926 peccatum,
1780 869 1813 910 si
1838 868 2087 911 declinatae

355 939 658 993 difficultates,
694 939 844 980 omnia
876 939 932 981 ad
954 940 1353 995 grammaticarum
1374 941 1743 998 praeceptionum
1774 955 1979 982 normam
2012 955 2089 982 ex-

351 1010 532 1067 pendat,
577 1009 917 1066 conjugationes
958 1015 1002 1052 et
1033 1011 1356 1055 declinationes
1396 1027 1449 1055 ex
1484 1012 1716 1055 occasione
1757 1016 1957 1069 repetere
1995 1026 2087 1053 non

353 1081 548 1123 omittat.

124 799 299 829 scriptionis

115 834 301 864 corrigendae

172 870 255 894 ratio.

96 1153 329 1178 Exercitationes

88 1190 166 1214 inter
188 1189 333 1219 corrigen-

495 1153 540 1198 4.
573 1151 932 1195 Exercitationes
962 1154 1200 1210 discipulo-

352 1238 464 1277 rum,
480 1223 587 1266 dum
599 1223 764 1280 scripta
773 1224 993 1281 Magister
1001 1225 1201 1281 corrigit,

351 1299 484 1336 erunt
516 1309 583 1336 ex.
616 1309 683 1350 gr.
707 1296 953 1338 vernacula
984 1296 1156 1338 dictata
1179 1311 1202 1338 0

352 1364 560 1421 syntaxis
576 1366 853 1423 praescripto
870 1367 1015 1410 latina
1035 1367 1199 1422 facere3

353 1436 592 1479 lectionem
617 1437 959 1480 Ciceronianam
982 1454 1036 1481 ex
1059 1439 1201 1481 latino

352 1508 401 1550 in
455 1508 586 1565 vulgi
640 1523 890 1551 sermonem
945 1510 1201 1562 transferre,

353 1579 539 1622 eandem
588 1580 728 1622 latine
777 1580 1094 1634 transcribere3
1147 1596 1201 1622 ex

353 1652 675 1707 grammaticae
720 1653 991 1709 praeceptis,
1050 1667 1203 1695 recens

353 1724 618 1779 praesertim
635 1722 884 1779 explicatiS,
902 1723 1040 1766 dubia
1054 1738 1203 1765 aemu-

354 1795 409 1836 lis
469 1799 514 1836 et
572 1794 822 1836 locutiones
889 1795 1202 1851 proponendas

356 1865 630 1921 depromere,
646 1865 989 1907 concordantias
999 1866 1013 1890 ¹
1024 1865 1203 1907 concin-

354 1950 461 1977 nare
493 1940 572 1978 aut
610 1950 889 1993 componere,
929 1951 1092 1992 graeca
1131 1936 1202 1978 (le-

1381 1155 1427 1201 4.
1469 1155 1830 1197 Exercitationes
1891 1154 2088 1211 discipu-

1240 1225 1386 1267 lorum
1432 1230 1564 1268 erunt
1611 1241 1678 1267 ex.
1726 1241 1792 1281 gr.
1846 1225 2089 1268 vernacula

1240 1296 1411 1339 dictata
1436 1312 1458 1339 e
1489 1298 1698 1354 syntaxis
1718 1296 1991 1353 praescripto
2022 1295 2087 1338 la-

1238 1368 1338 1410 tina
1369 1368 1529 1423 facere,
1562 1367 1802 1410 lectionem
1835 1367 2034 1409 auctoris
2065 1382 2088 1408 e

1238 1439 1383 1482 latino
1414 1440 1464 1481 in
1495 1439 1625 1496 vulgi
1661 1453 1910 1481 sermonem
1942 1442 2088 1480 trans-

1240 1510 1370 1566 ferre,
1395 1511 1583 1553 eandem
1603 1510 1747 1552 latine
1771 1509 2087 1563 transcribere3

1240 1596 1296 1623 ex
1311 1582 1636 1637 grammaticae
1652 1580 1915 1638 praeceptis,
1938 1594 2089 1622 recens

1239 1654 1503 1709 praesertim
1518 1653 1767 1710 explicatis,
1786 1652 1924 1694 dubia
1939 1667 2089 1694 aemu-

1240 1723 1296 1765 lis
1325 1728 1370 1765 et
1401 1723 1652 1766 locutiones
1679 1723 1991 1781 proponendas
2017 1723 2089 1764 de-

1240 1809 1454 1851 promere,
1502 1795 1868 1837 concordantias¹
1911 1795 2089 1836 concin-

1241 1880 1348 1908 nare
1366 1870 1444 1909 aut
1458 1881 1736 1923 componere,
1751 1880 1912 1922 graeca
1928 1865 2089 1908 descri-

1245 1937 1345 1979 bere
1377 1942 1422 1980 et
1452 1937 1541 1980 alia
1571 1937 1749 1994 generis
1787 1936 1998 1993 ejusdem.
2036 1962 2082 1967 -

355 2007 546 2048 scribere
585 2012 629 2048 et
660 2007 751 2048 alia
782 2008 959 2063 generis
991 2008 1201 2064 ejusdem.
1240 2008 1513 2065 Hujusmodi
1552 2013 1704 2050 autem
1746 2007 2089 2050 exercitationes

1241 2079 1338 2122 fieri
1354 2083 1567 2136 poterunt
1583 2078 1768 2121 alternis
1788 2079 1944 2121 diebus
1959 2092 2089 2120 mane

1240 2151 1338 2193 loco
1379 2150 1586 2208 publicae
1624 2150 1916 2192 correctionis
1953 2150 2090 2206 scrip-

1242 2222 1433 2277 tionum,
1456 2223 1528 2264 vel
1545 2236 1727 2278 vespere
1748 2221 1944 2263 secunda
1964 2220 2088 2275 hora,

1242 2297 1321 2335 aut
1368 2308 1468 2336 cum
1517 2293 1815 2350 opportunius
1859 2291 2091 2335 videbitur

1241 2363 1446 2406 consulto
1478 2362 1726 2406 Praefecto.
1782 2363 1954 2405 Saltem
1983 2376 2089 2405 vero

1241 2435 1377 2477 semel
1407 2435 1456 2477 in
1485 2434 1770 2477 hebdomada
1789 2433 2011 2477 scribetur
2040 2433 2090 2475 in

1241 2507 1394 2550 schola
1424 2521 1503 2563 per
1533 2505 1690 2548 horam
1721 2505 1960 2562 integram.

499 2579 542 2625 5.
572 2579 1222 2637 Inrepetitionepraelectionis
1234 2578 1384 2636 capiat
1397 2576 1624 2620 interdum
1643 2578 1801 2633 (saepe)
1813 2576 2089 2619 occasionem

358 2649 628 2704 declinandi,
662 2651 939 2707 conjugandi
971 2655 1015 2693 et
1035 2649 1357 2707 grammaticae
1390 2648 1794 2705 quomodocunque
1826 2645 2087 2702 exigendae.
2151 2708 2153 2714 Ι

121 2580 319 2605 Grammaticis

139 2616 290 2645 exigenda.

141 2757 300 2781 Fraeloetio

139 2797 297 2817 auctorum.

503 2755 547 2802 6.
580 2756 900 2799 Praelectionis
952 2756 1205 2800 Ciceronia-
1385 2756 1429 2801 6.
1470 2754 1791 2798 Praelectionis
1838 2756 2088 2807 auctorum,
2150 2770 2153 2810 j

359 2840 459 2881 nae,
497 2841 611 2883 quae
651 2832 891 2883 quaternos
929 2828 1021 2870 fere
1052 2842 1206 2871 versus
1244 2841 1358 2882 quae
1376 2826 1524 2869 brevis
1544 2840 1635 2868 esse
1652 2825 1799 2879 debet,
1816 2824 1928 2867 haec
1944 2823 2090 2865 forma
2144 2826 2153 2886 ,Ι

357 2911 450 2939 non
482 2896 678 2952 excedet,
712 2898 821 2941 haec
851 2899 997 2941 forma
1028 2899 1106 2942 sit:
1243 2897 1326 2940 sit:

509 2991 517 3010 ¹
544 2991 653 3026 Diese
683 2992 1015 3033 ‚‚Coneor‹1antiae“
1044 2991 1125 3027 sind
1159 2991 1196 3026 in
1223 2991 1293 3026 den
1321 2991 1429 3033 „XIV
1465 2991 1675 3035 Praeceptis
1712 2990 1757 3025 de
1782 2988 2084 3024 Constructione“

362 3039 425 3073 des
450 3039 607 3074 Alvarez
638 3038 698 3073 die
724 3040 830 3084 folg.:
859 3041 919 3085 (6.)
940 3039 1232 3083 Quotiescunque
1248 3039 1317 3073 duo
1338 3039 1492 3073 Nomina
1511 3038 1750 3073 substantiva
1771 3037 1817 3072 ad
1844 3037 1995 3071 eandem
2012 3046 2086 3071 rem
2145 3054 2148 3059 ·

361 3086 586 3130 pertinentia
610 3086 648 3121 in
674 3086 846 3122 Oratione
872 3087 1141 3129 continuantur,
1167 3088 1261 3121 Casu
1288 3086 1523 3121 concordant:
1551 3085 1643 3121 Urbs
1669 3085 1793 3121 Roma.
1843 3084 1905 3129 (8.)
1931 3084 2087 3119 Nomina
