2148 3402
588 181 631 221 R.
654 188 699 221 st.
715 183 816 221 1586.
867 178 1092 229 Adjumenta
1118 179 1332 220 studiorum.
1700 168 1784 216 173

85 310 190 347 sunt
221 319 385 361 genera
417 304 625 346 dicendi?
658 304 777 354 Quid
809 303 1078 357 Exordium,
1121 302 1231 359 quid
1262 302 1550 344 Insinuatio‘?
1612 302 1786 351 Quibus

86 376 216 418 rebus
254 375 328 418 hic
368 375 441 418 vel
479 375 556 417 ille
598 376 784 417 affectus
821 374 1157 417 commovetur?
1219 373 1344 422 Quae
1392 377 1499 414 sunt
1545 378 1785 429 praecepta

83 447 309 489 scribendi
328 446 700 504 Epigrammatis,
721 445 920 501 Elegiae,
955 445 1125 487 aliusve
1147 444 1404 486 Poematis?
1454 444 1615 485 Iurene
1637 444 1783 486 exacti

82 518 229 574 Reges
261 518 317 560 ab
341 517 492 561 Urbe?
542 516 907 560 Praestantiorne
928 517 1034 558 Dux
1056 515 1261 558 Annibal
1294 531 1353 557 an
1387 514 1570 571 Scipio?
1632 515 1785 570 Atque

81 589 190 631 haec
221 590 398 645 aliaque
430 589 477 631 id
509 604 652 645 genus
689 603 811 630 nunc
849 587 956 630 viua
985 602 1096 630 17000
1129 591 1264 643 atque
1296 601 1349 628 ex
1382 591 1598 642 tempore,
1631 585 1782 643 111111οΙ

80 661 315 717 descriptis
346 660 547 702 thesibus
570 660 854 702 disserentur.
906 659 1083 700 Harum
1104 673 1212 700 vero
1234 658 1431 700 formula
1462 658 1522 699 sit
1544 657 1784 701 eiusmodi:
1815 684 1834 700 ›.
1867 678 1879 698 r,

80 732 370 788 Exponemus
402 731 681 773 obscuriores
714 731 889 786 aliquot
919 731 1053 784 locos,
1087 730 1218 772 illum
1252 729 1496 783 Ciceronis,
1528 729 1660 771 illum
1682 728 1786 771 Vir-

79 803 194 859 gilij,
239 803 369 845 illum
410 802 578 858 Ouidij.
641 802 747 845 Vel:
796 802 901 844 Non
944 801 1097 858 placet
1140 801 1458 858 interpretatio
1502 800 1583 842 illa
1625 799 1785 855 Seruij,

79 874 282 929 Pediani,
314 874 518 917 Acronis.
583 873 688 916 Vel:
722 873 856 915 Hanc
888 887 981 914 esse
1013 877 1211 914 mentem
1242 872 1427 928 Virgilij
1461 871 1510 913 in
1543 871 1622 913 1110
1655 886 1787 913 versu

78 944 377 987 defendemus.
441 944 544 989 Vel:
587 943 904 998 Ostendemus,
949 944 998 985 in
1028 943 1112 985 hac
1157 947 1255 985 tota
1302 943 1503 985 oratione
1544 943 1605 985 M.
1647 942 1784 997 Tullij

77 1016 194 1058 nihil
225 1031 329 1071 esse,
362 1016 451 1058 nisi
481 1031 534 1057 ex
565 1015 675 1057 artis
696 1014 988 1072 praescripto.
1040 1015 1147 1059 Vel:
1181 1016 1323 1057 Recte
1346 1014 1571 1071 Virgilius
1603 1029 1696 1057 non
1728 1014 1784 1055 ab

78 1087 256 1129 excidio
295 1088 476 1142 Troiae,
522 1087 600 1129 sed
638 1087 694 1128 ab
735 1086 915 1128 Aeneae
961 1086 1260 1142 nauigatione
1302 1101 1486 1128 exorsus
1529 1090 1610 1127 est.
1674 1085 1783 1128 Vel:

79 1158 382 1214 Quaecunque
412 1159 594 1215 propria
621 1162 727 1200 sunt
748 1158 1018 1214 Epopoeiae,
1051 1173 1130 1200 seu
1151 1157 1446 1213 Tragoediae,
1479 1156 1660 1213 egregie
1681 1156 1785 1200 Vir-

77 1229 214 1285 gilius
244 1230 294 1271 in
315 1229 542 1283 Aeneade,
575 1229 625 1270 in
646 1229 819 1272 Troade
842 1230 1014 1272 Seneca
1035 1233 1295 1274 seruarunt:
1330 1233 1374 1271 et
1398 1229 1488 1271 alia
1510 1227 1785 1271 huiusmodi.

76 1302 231 1357 Neque
262 1316 368 1344 17010
411 1301 644 1343 dedeceret
675 1316 728 1342 ex
768 1300 843 1357 ijs,
885 1316 999 1356 quae
1037 1301 1376 1355 interrogantur
1414 1315 1469 1341 ex
1501 1304 1714 1356 tempore,
1749 1299 1799 1340 si·

80 1388 169 1428 qua
201 1373 421 1428 longioris
454 1372 592 1428 studij
613 1372 825 1426 indigent
851 1371 909 1413 ad
927 1371 1302 1428 respondendum,
1324 1372 1436 1413 duos
1459 1371 1513 1413 de
1534 1371 1589 1427 ijs
1613 1375 1785 1412 secreto

76 1445 317 1488 conuenire
349 1444 681 1500 Praeceptores,
721 1447 774 1485 vt
805 1442 884 1497 qui
914 1443 1171 1499 responsuri
1203 1447 1310 1485 sunt
1354 1443 1573 1485 accedant
1612 1442 1783 1499 parati:

78 1530 222 1570 neque
254 1529 360 1558 17010
391 1515 439 1556 id
469 1529 650 1571 prorsus
681 1513 907 1556 inutiliter
937 1514 1084 1567 fieret3
1121 1518 1466 1569 assequerentur
1507 1519 1624 1555 certe
1657 1513 1784 1570 pueri

79 1601 232 1628 earum
262 1601 411 1627 rerum
443 1585 751 1641 cognitionem
783 1589 827 1626 et
858 1586 1122 1627 memoriam
1154 1590 1428 1629 exercerent:
1470 1590 1785 1642 praeterquam

83 1658 204 1713 quod
237 1663 282 1700 et
304 1658 539 1700 audientes
570 1657 705 1699 valde
727 1656 921 1698 delectat
953 1657 1120 1712 crebra,
1153 1672 1235 1698 nec
1266 1656 1494 1698 haesitans
1525 1655 1662 1699 Vnius
1692 1670 1789 1712 per-

82 1730 330 1784 cunctatio,
366 1729 553 1770 alterius
584 1727 830 1785 responsio.

218 1804 259 1844 4.
294 1801 388 1843 Nec
417 1800 643 1842 modicam
676 1814 782 1841 sane
822 1799 1042 1841 bonarum
1083 1799 1341 1842 litterarum
1380 1798 1595 1841 studiosis
1628 1799 1786 1840 alacri-

79 1875 221 1913 tatem
253 1872 385 1913 affert
417 1872 621 1913 assiduus
658 1871 921 1928 publicae
961 1871 1399 1913 declamationis
1439 1885 1566 1925 Vsus,
1607 1870 1660 1912 de
1695 1883 1784 1926 quo

80 1943 444 1985 Constitutiones
476 1946 516 1986 4.
550 1944 673 1984 Part.
708 1943 814 1999 Cap.
836 1945 904 1986 16.
937 1946 975 1996 ξ.
997 1945 1037 1987 3.
1075 1942 1373 1999 „Habebitur,
1396 1942 1626 1997 inquiunt,
1647 1942 1784 1982 etiam

79 2014 272 2069 singulis
304 2014 615 2056 Hebdomadis
655 2015 725 2069 (Vt
762 2014 816 2055 de
848 2014 1063 2069 Collegijs
1104 2018 1171 2055 est
1214 2014 1403 2067 dictum)
1445 2014 1501 2055 ab
1543 2013 1698 2068 aliquo
1731 2028 1785 2053 ex

81 2085 370 2127 Scholasticis
403 2086 670 2127 declamatio
703 2085 758 2127 de
796 2087 949 2140 rebus,
992 2101 1106 2141 quae
1146 2085 1438 2127 audientibus
1479 2083 1783 2125 aedificationi

79 2156 183 2211 sint,
217 2171 379 2213 eosque
412 2158 469 2199 ad
502 2162 798 2213 augmentum
828 2157 878 2198 in
909 2157 1035 2199 omni
1066 2157 1267 2214 puritate
1299 2171 1350 2197 ac
1377 2156 1547 2198 virtute
1569 2159 1784 2212 expeten-

79 2227 187 2270 dum
217 2228 430 2282 inuitent,
463 2233 515 2272 vt
546 2243 640 2270 non
670 2229 816 2270 solum
837 2229 986 2284 stylus
1010 2232 1283 2282 exerceatur,
1316 2227 1392 2268 sed
1414 2240 1558 2268 mores
1580 2226 1785 2268 meliores

77 2298 335 2340 reddantur.
400 2298 566 2341 Omnes
598 2303 752 2341 autem
785 2313 871 2353 eos,
903 2299 981 2355 qui
1013 2299 1178 2341 Latine
1211 2299 1372 2353 sciunt,
1406 2297 1678 2355 huiusnioldi
1709 2297 1782 2339 de-

79 2369 342 2412 clamationi
372 2370 585 2412 interesse
617 2371 887 2426 oportebitf‘
925 2397 978 2401 -—
1013 2370 1277 2412 Curandum
1309 2374 1376 2411 est
1407 2369 1566 2424 igitur,
1599 2373 1652 2411 vt
1675 2383 1786 2424 qua-

79 2440 191 2482 libet
221 2441 505 2483 hebdomada
537 2442 815 2484 declametur
846 2442 961 2484 festo
993 2442 1066 2484 die
1105 2442 1279 2498 aliquo,
1312 2441 1446 2496 idque
1478 2440 1526 2482 in
1558 2440 1786 2496 frequenti

80 2517 307 2554 conuentu
337 2517 597 2555 nostrorum
630 2513 832 2555 omnium
865 2513 1143 2557 auditorum:
1177 2513 1298 2568 quod
1330 2512 1411 2555 vbi
1432 2511 1530 2553 fieri
1552 2510 1785 2553 commode

79 2598 172 2626 non
202 2588 364 2641 potest,
396 2585 556 2626 saltem
587 2585 721 2626 initio
753 2584 994 2627 cuiuslibet
1025 2584 1192 2626 mensis
1224 2583 1309 2626 in÷÷
1340 2584 1491 2626 aulam
1523 2583 1785 2640 quampiam

82 2655 360 2712 ampliorem,
393 2656 479 2710 vel,
512 2671 563 2697 00
594 2657 633 2697 01
664 2655 792 2710 desit,
824 2656 873 2697 in
894 2656 1115 2713 templum
1138 2656 1412 2698 conueniant
1433 2655 1612 2696 scholae
1632 2669 1784 2696 omnes

82 2727 329 2782 superiores
362 2727 420 2768 ad
451 2727 722 2769 audiendam
762 2727 980 2769 celebrem
1025 2727 1225 2783 aliquam
1266 2725 1662 2781 declamationem,
1706 2740 1785 2767 seu

82 2797 450 2841 declamatoriam
482 2798 865 2841 concertationem
896 2799 1015 2840 inter
1047 2800 1172 2854 duos,
1210 2799 1419 2841 adhibito
1453 2798 1591 2840 etiam
1622 2797 1784 2851 iudice,

83 2870 162 2925 qui
191 2870 318 2912 litem
349 2885 430 2912 sua
462 2870 733 2912 auctoritate
765 2874 1019 2927 componat,
1052 2870 1295 2912 dummodo
1329 2870 1383 2912 de
1403 2870 1474 2911 his
1506 2874 1689 2911 tantum
1720 2884 1785 2909 re-

86 2939 167 2981 bus
198 2941 420 2997 litigetur,
453 2940 508 2982 de
540 2940 704 2996 quibus
743 2940 927 2996 litigare
967 2956 1060 2983 non
1100 2941 1326 2992 dedeceat,
1360 2946 1405 2983 et
1436 2956 1550 2997 quae
1581 2939 1654 2996 pie
1686 2939 1781 2980 0111Ε

85 3011 208 3053 ciant
239 3012 463 3054 auditores
495 3026 550 3053 ex
580 3010 794 3053 instituto
825 3012 899 3054 vel
940 3027 994 3054 ex
1026 3017 1281 3069 opportuna
1312 3011 1603 3068 digressione.
1668 3010 1782 3051 Gon-

86 3083 399 3125 stitutionibus
440 3097 545 3125 vero
584 3082 832 3125 videndum
868 3086 936 3124 est
975 3097 1033 3124 an
1065 3083 1274 3125 satisfieri
1312 3082 1473 3139 possit,
1512 3081 1549 3122 si
1581 3080 1784 3136 quolibet

1803 2324 1832 2348 p.
1845 2316 1908 2341 255.
