2089 3381
545 136 588 172 R.
604 140 651 174 st.
668 138 769 173 1586.
803 134 911 171 Bulla
923 135 981 172 Pii
994 135 1038 172 V.
1054 138 1092 171 et
1104 134 1214 181 Greg.
1228 136 1332 172 XIII.
1727 129 1780 172 61

89 256 272 300 demum
301 256 561 315 percipitur.
623 254 870 299 Distinctio
902 254 982 297 illa
1013 253 1208 311 duplicis
1247 254 1424 309 amoris,
1464 257 1686 299 naturalis
1717 258 1785 301 vi-

88 327 264 383 delicet,
297 342 385 384 quo
405 328 527 370 Deus
559 332 738 370 amatur
757 331 809 371 vt
840 329 971 368 autor
1002 329 1204 380 naturae,
1237 329 1282 367 et
1310 325 1514 381 gratuiti,
1549 342 1636 383 quo
1661 329 1784 371 Deus

88 402 267 441 amatur
297 402 351 442 vt
379 399 685 453 Beatificator,
718 412 840 441 vana
876 400 943 439 est
973 400 1017 438 et
1048 396 1375 451 commentitia,
1416 402 1461 438 et
1498 399 1555 440 ad
1593 400 1786 443 illuden-

87 468 196 511 dum
229 469 378 512 Sacris
409 469 596 512 Litteris
634 473 679 511 et
717 467 923 526 plurimis
954 472 1160 511 veterum
1202 468 1475 525 testimonijs
1514 472 1785 526 excogitata.

87 539 244 595 Omne,
292 540 413 597 quod
461 540 558 596 agit
600 544 820 597 peccator,
867 539 942 582 vel
986 553 1142 582 seruus
1187 539 1378 596 peccati,
1423 544 1658 597 peccatum
1705 547 1785 584 est.

86 611 229 654 Amor
259 611 495 667 naturalis,
536 611 614 667 qui
646 625 699 653 ex
731 610 906 654 viribus
936 614 1128 653 naturae
1160 610 1375 665 exoritur,
1420 626 1474 653 ex
1506 611 1602 653 sola
1632 611 1788 654 Philo-

86 682 246 740 sophia
276 698 355 741 per
386 683 625 726 elationem
656 681 1038 740 praesumptionis
1059 682 1284 724 humanae
1311 697 1413 725 cum
1434 682 1612 725 incuria
1632 683 1787 726 Crucis

88 753 257 797 Christi
288 753 544 797 defenditur
584 768 610 796 a
649 753 883 796 nonnullis
914 753 1204 796 Doctoribus.
1269 753 1384 796 Cum
1423 754 1609 810 Pelagio
1649 754 1787 797 sentit

85 825 164 882 qui
194 825 304 869 boni
335 825 511 882 aliquid
540 813 779 880 naturalis,
811 825 896 867 hoc
927 829 1007 880 est,
1040 824 1162 881 quod
1194 839 1249 867 ex
1274 828 1465 868 naturae
1488 824 1594 868 solis
1613 824 1788 868 viribus

85 900 235 940 ortum
266 896 407 952 ducit,
439 896 660 953 agnoscit.
723 896 883 939 Omnis
915 911 1041 938 amor
1082 900 1312 939 creaturae
1344 896 1582 939 rationalis
1613 901 1692 939 aut
1722 896 1789 939 vi-

85 967 204 1010 tiosa
235 972 303 1011 est
333 967 573 1026 cupiditas,
608 982 698 1024 qua
728 967 927 1010 mundus
960 967 1185 1024 diligitur,
1219 982 1334 1024 quae
1366 982 1392 1010 a
1423 968 1454 1011 J
1458 982 1604 1010 oanne
1634 967 1788 1026 prohi-

86 1038 230 1095 betur,
264 1043 343 1082 aut
374 1039 619 1083 laudabilis
649 1039 731 1081 illa
761 1038 971 1094 charitas,
1004 1053 1094 1095 qua
1124 1053 1204 1096 per
1236 1039 1463 1097 Spiritum
1491 1039 1709 1081 Sanctum
1737 1039 1788 1082 in

94 1110 225 1153 corde
273 1110 437 1153 diffusa
483 1110 607 1153 Deus
654 1114 845 1153 amatur.
933 1109 1066 1159 Quod
1114 1110 1371 1152 voluntarie
1416 1109 1481 1165 fit,
1515 1110 1694 1153 etiamsi
1738 1111 1789 1153 in

83 1181 351 1225 necessitate
381 1181 476 1237 fiat,
519 1182 659 1225 libere
690 1187 844 1224 tamen
874 1181 939 1224 fit.
1001 1181 1058 1223 In
1090 1181 1301 1224 omnibus
1333 1181 1425 1223 suis
1464 1182 1645 1225 actibus
1686 1197 1787 1240 pec-

84 1256 209 1295 cator
239 1253 378 1296 seruit
409 1253 665 1296 dominanti
697 1253 952 1311 cupiditati.
1014 1253 1059 1295 Is
1091 1252 1316 1295 libertatis
1348 1252 1521 1307 modus,
1555 1253 1634 1310 qui
1663 1257 1730 1296 est
1762 1269 1789 1296 a

83 1324 364 1380 necessitate,
397 1325 480 1368 sub
511 1325 738 1368 libertatis
769 1325 954 1368 nomine
984 1339 1076 1367 non
1102 1324 1324 1381 reperitur
1343 1324 1392 1366 in
1416 1324 1678 1382 Scripturis,
1711 1325 1788 1367 sed

83 1395 230 1439 solum
259 1411 427 1440 nomen
460 1396 692 1440 libertatis
724 1413 750 1440 a
780 1400 980 1454 peccato.
1042 1395 1240 1451 Iustitia,
1279 1410 1369 1452 qua
1399 1395 1673 1439 iustificatur
1708 1411 1788 1454 per

83 1466 219 1510 fidem
269 1468 451 1526 impius,
502 1469 710 1511 consistit
760 1467 1013 1510 formaliter
1055 1467 1105 1509 in
1150 1466 1409 1510 obedientia
1453 1467 1785 1524 mandatorum,

86 1553 201 1594 quae
232 1543 300 1582 est
334 1555 520 1598 operum
549 1540 746 1595 Iustitia,
777 1553 871 1582 non
902 1542 1054 1581 autem
1085 1538 1135 1580 in
1166 1538 1320 1594 gratia
1339 1538 1493 1594 aliqua
1512 1538 1688 1581 animae
1718 1539 1786 1581 in-

84 1607 200 1665 fusa,
233 1625 323 1667 qua
354 1611 598 1668 adoptatur
628 1610 763 1653 homo
794 1610 844 1652 in
875 1609 1022 1653 filium
1042 1609 1142 1664 Dei,
1175 1613 1222 1651 et
1252 1609 1501 1652 secundum
1528 1609 1786 1652 interiorem

85 1679 317 1724 hominem
347 1686 608 1737 renouatur,
643 1697 695 1724 ac
734 1681 919 1724 diuinae
949 1685 1139 1724 naturae
1180 1695 1361 1724 consors
1393 1680 1598 1737 efficitur,
1630 1685 1684 1725 vt
1725 1681 1788 1724 sic

85 1765 166 1808 per
206 1752 431 1809 Spiritum
473 1753 693 1796 Sanctum
732 1757 979 1795 renouatus
1018 1752 1230 1811 deinceps
1268 1752 1383 1795 bene
1413 1752 1579 1808 viuere,
1626 1756 1671 1795 et
1701 1753 1787 1796 Dei

84 1822 312 1866 mandatis
344 1824 525 1867 obedire
555 1825 711 1882 possit.
772 1825 828 1867 In
858 1824 1122 1867 hominibus
1142 1823 1484 1882 poenitentibus
1507 1829 1612 1867 ante
1632 1824 1788 1867 Sacra-

84 1898 289 1937 mentum
321 1896 634 1952 absolutionis,
673 1900 718 1939 et
747 1896 797 1938 in
829 1896 1179 1939 Gathecumenis
1211 1900 1316 1938 ante
1344 1900 1349 1949 Ι
1378 1895 1680 1953 Baptismum,
1718 1899 1787 1938 est
1830 1932 1836 1939 .
1894 1933 1901 1940 .

84 1980 193 2009 vera
222 1966 499 2023 iustificatio,
531 1971 739 2025 separata
757 1971 911 2010 tamen
932 1982 958 2010 a
979 1967 1242 2010 remissione
1265 1971 1565 2024 peccatorum.
1630 1967 1787 2026 Operi-

87 2037 171 2080 bus
201 2038 439 2095 plerisque,
479 2054 595 2095 quae
632 2054 660 2082 a
689 2038 899 2081 fidelibus
928 2038 1061 2094 fiunt,
1102 2042 1155 2081 vt
1192 2038 1423 2081 mandatis
1460 2038 1547 2081 Dei
1582 2042 1785 2096 pareant,

85 2109 337 2152 cuiusmodi
368 2114 475 2152 sunt
506 2110 687 2153 obedire
719 2109 1001 2167 parentibUS,
1035 2109 1289 2167 depositum
1320 2109 1514 2164 reddere,
1555 2109 1612 2152 ab
1644 2109 1787 2152 homi-

87 2180 220 2237 cidio,
255 2196 281 2224 a
311 2180 449 2236 furto,
483 2196 509 2224 a
537 2181 838 2224 fornicatione
870 2180 1110 2236 abstinere,
1148 2180 1456 2224 iustificantur
1496 2180 1678 2237 quidem
1708 2179 1788 2223 ho-

86 2252 244 2307 mines,
277 2252 385 2309 quia
416 2256 522 2296 sunt
552 2253 668 2309 legis
701 2253 985 2295 obedientiae
1027 2257 1073 2295 et
1102 2267 1237 2296 verae
1276 2252 1390 2308 legis
1429 2251 1648 2306 iustitiae,
1695 2265 1788 2293 non

87 2328 241 2366 tamen
270 2323 327 2380 ijs
358 2324 567 2366 obtinent
596 2324 877 2367 incrementa
895 2324 1134 2367 virtutum.
1197 2323 1480 2367 Sacrificium
1500 2322 1664 2365 Missae
1694 2337 1788 2365 non

87 2394 178 2437 alia
208 2395 382 2438 ratione
413 2400 481 2438 est
514 2395 812 2451 Sacrificium,
846 2410 982 2452 quam
1012 2395 1213 2451 generali
1244 2395 1340 2450 illa,
1373 2409 1462 2450 qua
1496 2408 1626 2437 omne
1660 2408 1786 2451 opus,

88 2466 210 2522 quod
239 2466 306 2522 fit,
338 2470 391 2509 vt
423 2471 581 2509 sancta
612 2467 827 2510 societate
857 2467 954 2510 Deo
986 2467 1120 2509 homo
1152 2465 1399 2511 inhaereat.
1458 2465 1532 2509 Ad
1562 2465 1788 2508 rationem

88 2540 134 2579 et
166 2537 476 2580 definitionem
508 2537 684 2595 peccati
716 2552 809 2581 non
827 2538 1024 2596 pertinet
1041 2537 1372 2592 voluntarium,
1403 2551 1485 2579 nec
1510 2536 1788 2579 definitionis

89 2608 291 2664 quaestio
324 2613 404 2662 est,
437 2608 514 2651 sed
544 2624 705 2652 causae
737 2613 781 2652 et
809 2609 1010 2665 originis,
1042 2613 1195 2652 Vtrum
1216 2623 1347 2651 omne
1368 2612 1606 2666 peccatum
1627 2608 1789 2650 debeat

89 2694 181 2721 esse
213 2679 559 2722 voluntarium?
609 2680 742 2723 Vnde
773 2684 1010 2737 peccatum
1041 2679 1232 2736 originis
1261 2694 1367 2723 vere
1397 2679 1536 2722 habet
1565 2678 1787 2721 rationem

88 2751 262 2808 peccati
302 2751 399 2793 sine
436 2751 533 2793 vlla
572 2752 793 2794 relatione
833 2767 885 2794 ac
924 2755 1132 2809 respectu
1177 2750 1235 2793 ad
1275 2751 1575 2805 voluntatem,
1628 2765 1656 2792 a
1698 2763 1788 2805 qua

90 2821 310 2878 originem
357 2821 533 2865 habuit.
595 2823 840 2865 Peccatum
887 2822 1076 2879 originis
1120 2827 1188 2865 est
1226 2821 1454 2865 habituali
1494 2820 1674 2879 paruuli
1710 2834 1787 2863 vo-

89 2892 266 2935 luntate
295 2891 620 2947 voluntarium,
653 2897 698 2935 et
728 2893 1025 2936 habitualiter
1056 2894 1320 2936 dominatur
1348 2893 1540 2951 paruulo
1572 2906 1637 2946 eo,
1666 2889 1787 2947 quod

89 2978 183 3006 non
214 2964 334 3020 gerit
370 2963 649 3006 contrarium
680 2965 936 3007 voluntatis
974 2964 1228 3019 arbitrium,
1269 2968 1313 3006 et
1352 2979 1407 3006 ex
1445 2962 1672 3006 habituali
1708 2974 1786 3003 vo-

90 3035 270 3078 luntate
301 3035 564 3078 dominante
596 3034 662 3089 fit,
694 3039 748 3078 vt
783 3035 1002 3092 paruulus
1040 3036 1259 3078 decedens
1297 3035 1395 3077 sine
1431 3031 1787 3090 regenerationis
