2143 3462
203 915 230 937 p.
269 906 328 930 168.

198 2151 225 2173 p,
259 2144 318 2167 1850.

347 195 431 236 124
517 204 626 238 Ratio
655 202 859 238 studiorum
887 207 925 238 et
950 204 1207 238 institutiones
1234 203 1476 237 scholasticae
1502 202 1700 237 Societatis
1725 203 1815 237 Jesu
1840 203 1877 236 Π

342 327 496 378 postea
527 337 581 363 ex
614 322 681 377 ijs,
714 338 826 377 quae
859 323 981 365 dicta
1012 327 1129 376 sunt,
1164 322 1351 376 colligat
1382 321 1649 374 doctrinam,
1681 336 1813 376 quam
1845 326 1897 364 vt
1928 322 2038 363 tuti-

343 408 464 434 orem
498 408 651 434 omnes
683 393 807 448 sequi
828 393 1043 437 debeant,
1077 394 1203 434 Idem
1221 396 1376 448 postea
1395 392 1533 433 faciat
1548 392 1596 433 in
1616 392 1823 433 examine
1848 384 2036 434 secundi

343 464 483 505 Casus
514 469 555 505 et
588 465 875 519 reliquorum.
937 465 1011 505 Illi
1043 479 1148 505 vero
1190 469 1300 517 tres,
1342 463 1419 518 qui
1456 462 1771 517 interrogandi
1809 467 1929 514 sunt,
1963 463 2037 505 vel

342 550 395 576 ex
429 540 626 592 tempore
657 536 948 577 nominentur
979 552 1005 576 a
1028 534 1252 588 Praeside,
1285 549 1386 575 cum
1413 549 1566 575 omnes
1587 533 1735 590 parati
1758 533 2036 588 accesserint,

341 606 428 658 vel,
461 606 581 661 quod
613 607 753 648 satius
785 607 977 659 videtur,
1012 610 1115 647 ante
1146 609 1524 661 praemoneantur
1556 609 1601 646 et
1621 605 1820 647 vicissim
1841 620 2039 647 commu—

342 681 511 718 tentur.
577 678 817 733 Explicata
849 692 955 718 vero
986 677 1167 717 illorum
1201 678 1396 718 Casuum
1428 676 1646 729 doctrina,
1680 681 1936 732 proponant
1959 676 2038 732 qui

342 749 498 789 volent
531 764 633 789 suas
665 748 821 803 ijsdem
854 748 907 789 de
940 748 1072 789 rebus
1092 747 1413 801 dubitationes,
1446 747 1742 803 respondente
1764 763 1854 789 vno
1875 763 1928 789 ex
1947 748 2038 789 illis

342 818 489 860 tribus
513 819 816 875 praemonitis,
849 824 893 859 et
915 818 1126 860 Praeside
1145 818 1329 859 tandem
1350 818 1606 872 definiente,
1628 817 1738 872 quid
1755 817 2036 859 sentiendum

349 891 420 931 sit.
483 891 583 931 Hoc
620 889 775 931 ordine
813 889 1061 931 examinari
1093 894 1283 946 possunt
1321 889 1539 947 sinlgulae
1580 889 1885 945 quaestioneS,
1924 904 2039 944 quae

339 961 395 1002 ad
422 962 621 1016 aliquam
649 962 882 1002 materiam
900 961 1149 1016 pertinent:
1183 960 1345 1002 deinde
1377 961 1433 1002 ad
1465 961 1600 1002 aliam
1633 960 1800 1015 gradus
1830 960 1924 1002 fiat.
1988 961 2036 1002 Si

340 1032 417 1086 qui
454 1037 604 1073 tamen
645 1032 788 1073 Casus
835 1036 962 1073 extra
1009 1032 1216 1073 ordinem
1263 1032 1518 1074 acciderent
1564 1031 1702 1074 alicui
1740 1031 2037 1086 Confessario,

339 1117 529 1156 quorum
563 1102 807 1158 explicatio
855 1102 1008 1156 grauis
1052 1118 1103 1145 ac
1135 1103 1333 1144 difficilis
1377 1107 1510 1156 esset,
1552 1102 1799 1156 deferatur,
1833 1102 1890 1157 (si
1923 1102 2038 1143 nihil

339 1174 462 1215 aliud
494 1174 657 1228 obstet)
691 1173 910 1228 Praesidi,
944 1178 996 1215 vt
1026 1174 1120 1230 ipse
1152 1174 1306 1215 iubeat
1336 1174 1436 1215 illos
1468 1173 1717 1215 examinari
1756 1174 1803 1215 in
1834 1173 2038 1230 proxime

339 1247 492 1286 futura
524 1245 813 1301 repetitione,
847 1248 1026 1286 seruato
1059 1244 1192 1285 modo
1232 1259 1284 1286 ac
1315 1244 1461 1286 forma
1492 1244 1730 1300 ordinarijs
1764 1244 2036 1300 quaestioni-

339 1316 420 1356 bus
449 1316 734 1372 praescripta.
798 1317 935 1357 Porro
967 1316 1082 1357 sicut
1115 1315 1406 1371 Superiorum
1438 1319 1507 1357 est
1545 1330 1647 1357 eum
1682 1315 1938 1357 Praesidem
1980 1314 2034 1370 ijs

340 1387 683 1442 repetitionibus
730 1387 990 1443 praeficere,
1037 1387 1114 1442 qui
1165 1403 1263 1428 eam
1311 1386 1592 1442 prouinciam
1631 1387 1850 1428 sustinere
1897 1387 2039 1442 possit

338 1474 438 1499 eum
457 1458 694 1513 dignitate,
716 1459 781 1500 ita
797 1463 842 1500 et
864 1458 1156 1500 Sacerdotum
1177 1458 1261 1499 erit
1279 1458 1478 1499 Prasidis
1500 1457 1726 1499 sententia
1743 1472 1836 1498 esse
1854 1461 2037 1498 conten-

339 1535 420 1582 tos,
461 1545 544 1570 nec
584 1529 708 1570 illius
746 1529 981 1586 opiniones
1019 1529 1250 1584 exagitare
1289 1529 1409 1585 apud
1450 1528 1726 1570 Professores
1760 1527 2037 1583 Theologiae

338 1600 508 1641 aliosue
543 1601 773 1641 Doctores.
837 1600 926 1649 Qui
958 1601 994 1641 si
1027 1600 1207 1655 quando
1240 1599 1293 1656 ijs
1326 1600 1380 1641 de
1411 1600 1542 1642 rebus
1575 1600 1883 1653 consulentur,
1915 1599 2034 1641 tueri

337 1671 550 1712 studeant
588 1671 814 1713 Praesidis
852 1671 1258 1725 existimationem,
1303 1671 1506 1727 alioquin
1548 1671 1627 1713 vix
1669 1671 1916 1727 reperietur
1957 1670 2034 1726 qui

340 1741 449 1783 velit
479 1742 745 1798 praesidere,
779 1746 823 1784 et
856 1742 1068 1785 vniuersa
1099 1742 1209 1784 haec
1241 1742 1502 1784 exercitatio
1535 1742 1613 1784 fiet
1645 1742 1835 1784 inutilis.

858 2110 936 2172 De
982 2110 1194 2187 lingua
1238 2108 1522 2172 Hebraea.

479 2240 554 2297 [1.]
604 2241 961 2283 Constitutiones
994 2244 1034 2284 4.
1069 2242 1193 2281 Part.
1230 2240 1336 2296 Cap.
1371 2243 1410 2283 6.
1444 2241 1499 2281 D.
1540 2241 1791 2282 Hebraeam
1830 2241 2036 2296 linguam

338 2312 593 2353 discendam
627 2327 719 2353 esse
755 2317 963 2353 statuunt
994 2313 1050 2353 ab
1082 2311 1149 2366 ijs,
1191 2312 1269 2366 qui
1309 2312 1380 2352 vel
1420 2312 1468 2352 in
1506 2311 1778 2366 Theologiae
1819 2312 2037 2353 facultate

338 2382 391 2423 ad
426 2383 621 2437 aliquem
654 2383 845 2435 gradum
879 2383 1072 2438 promoti
1102 2387 1222 2436 sunt,
1245 2383 1313 2424 vel
1338 2382 1382 2423 in
1405 2398 1457 2423 ea
1478 2382 1763 2423 mediocriter
1783 2383 1959 2427 eruditi.
1983 2408 2035 2413 -

343 2453 458 2493 Huic
491 2454 817 2494 Constitutioni
849 2458 901 2495 vt
934 2454 1126 2495 maxime
1158 2454 1361 2507 satisfiat,
1397 2457 1500 2494 ante
1531 2452 1711 2493 tertium
1748 2468 1917 2494 annum
1947 2468 2037 2495 non

339 2524 549 2565 videntur
580 2524 798 2578 Theologi
830 2525 886 2565 ad
920 2525 1172 2566 Hebraeam
1204 2524 1442 2565 lectionem
1484 2523 1758 2565 admittendi
1799 2524 2037 2579 ordinarie,

338 2599 649 2650 praeterquam
682 2595 800 2649 qu‹s›‹l
833 2599 1016 2651 tyrones
1040 2595 1259 2651 Theologi
1276 2594 1562 2651 paucioribus
1586 2595 1801 2636 onerandi
1821 2600 1927 2636 sunt
1949 2595 2036 2636 lec—

338 2665 550 2718 tionibus,
584 2681 718 2720 quam
751 2666 1069 2721 prouectiores:
1105 2682 1156 2708 ea
1188 2681 1363 2721 quoque
1400 2680 1467 2706 res
1509 2665 1740 2707 commode
1783 2666 1900 2707 cedit
1930 2665 2037 2707 rati—

338 2751 421 2777 one
455 2736 725 2792 Scripturae,
760 2752 893 2791 quam
928 2752 1046 2778 anno
1078 2736 1210 2778 tertio
1243 2735 1469 2791 incipiunt
1512 2735 1686 2789 audire,
1719 2740 1771 2777 ut
1803 2740 1912 2778 tunc
1944 2751 2037 2778 ma-

339 2807 457 2848 xime
488 2807 719 2848 Hebraeae
753 2807 934 2861 linguae
965 2807 1187 2863 praesidio
1220 2806 1460 2848 videantur
1490 2806 1705 2861 indigere.

480 2881 519 2920 2.
553 2880 720 2918 Omnes
764 2882 926 2930 autem,
972 2878 1135 2932 quibus
1181 2876 1570 2919 Constitutionum
1610 2881 1651 2920 4.
1685 2878 1805 2918 Part.
1855 2877 1961 2934 Cap.
1995 2882 2034 2922 6.

339 2950 392 2990 D.
428 2948 652 3002 congruit,
685 2948 919 3003 obligandi
951 2949 1165 2990 videntur
1198 2948 1253 2989 ad
1276 2947 1477 2989 studium
1498 2948 1731 2989 Hebraeae
1754 2948 1936 3003 linguae
1957 2964 2036 3005 per

339 3034 527 3072 annum,
562 3034 663 3060 cum
696 3019 814 3059 enim
848 3034 901 3060 ex
934 3020 1208 3075 praescripto
1243 3018 1633 3060 Constitutionum
1665 3022 1709 3060 et
1740 3033 1794 3060 ex
1823 3018 2034 3061 instituto

339 3090 605 3134 scholarum
625 3090 891 3132 Nostrarum
923 3089 1039 3131 hanc
1070 3089 1206 3134 etiam
1237 3089 1442 3145 linguam
1464 3089 1620 3132 doceat
1639 3090 1850 3146 Societas,
1883 3091 2035 3132 conari
