2148 3402
649 198 692 233 R.
708 201 754 232 st.
771 197 873 232 1586.
925 195 1090 231 Studium
1117 195 1251 240 philos.
1721 187 1805 228 127

106 320 180 362 vel
213 318 462 361 communis
495 319 616 373 boni,
659 317 779 374 quod
811 319 1076 373 speraretur,
1118 321 1269 372 posset
1305 317 1353 358 in
1392 316 1462 358 his
1497 316 1706 357 omnibus
1738 313 1805 355 fa-

109 389 367 443 cultatibUS,
401 390 473 432 vel
507 390 659 445 aliqua
691 392 770 430 aut
802 387 1007 444 pluribus
1029 401 1183 428 earum
1205 387 1306 442 quis
1327 388 1542 428 exerceri:
1578 386 1653 441 qui
1683 384 1803 426 enim

107 461 156 502 in
188 461 396 502 omnibus
430 476 522 502 non
553 464 720 517 posset,
766 473 919 500 curare
953 458 1156 512 deberet,
1195 462 1247 498 ut
1278 458 1326 500 in
1359 458 1510 513 aliqua
1542 471 1694 497 earum
1728 470 1802 496 ex-

108 532 328 573 celleret.“
367 557 417 562 ---
453 531 580 572 Infra
612 530 764 572 Litera
794 529 873 571 D.:
912 528 1096 585 „Aliqui
1128 528 1185 570 ad
1218 529 1421 584 Collegia
1453 527 1575 570 mitti
1608 531 1803 583 possent,

106 617 198 643 non
238 602 357 658 quod
395 606 598 658 speretur
636 602 791 642 doctos
830 615 904 641 eos
944 614 1154 641 euasuros
1191 599 1322 641 iuxta
1364 615 1466 641 eum
1498 598 1696 651 modum,
1751 596 1804 637 de

108 687 195 728 quo
229 673 401 714 dictum
434 679 512 727 est,
553 673 629 713 sed
668 672 831 728 potius,
873 675 925 714 vt
964 670 1074 712 alios
1113 664 1364 725 subleuent,
1403 669 1654 712 cuiusmodi
1694 671 1807 709 esset

107 743 271 798 aliquis
295 743 512 785 Sacerdos
545 743 600 784 ad
634 742 879 784 audiendas
911 742 1212 784 confessiones
1244 743 1445 797 idoneus,
1479 746 1524 784 et
1557 740 1604 783 hi
1636 744 1680 781 et
1712 738 1802 793 alij,

106 814 154 855 in
187 814 349 869 quibus
380 819 565 870 propter
598 818 793 856 aetatem
825 813 1166 872 prouectiolrem
1197 814 1272 857 Vel
1307 814 1419 856 alias
1452 827 1608 856 causas
1645 808 1813 868 sperari
1844 834 1872 856 μ.
1897 825 1946 850 111

107 899 198 926 non
237 889 398 941 potest,
449 885 567 940 quod
608 884 654 926 in
697 885 908 926 omnibus
944 885 1015 927 his
1053 885 1349 927 facultatibus
1389 899 1608 940 magnum
1644 881 1810 925 facturi

107 955 199 996 sint
230 969 530 1012 progressum,
570 956 819 1010 conueniet,
858 960 911 998 vt
948 956 1080 998 iuxta
1113 954 1364 1012 Superioris
1404 955 1731 1012 praescriptum
1762 953 1810 994 in

106 1026 162 1082 ijs
193 1026 366 1082 studijS,
412 1027 574 1082 quibus
607 1042 767 1069 vacare
798 1033 1026 1084 poterunt,
1067 1032 1355 1084 occupentur,
1395 1031 1440 1068 et
1470 1028 1516 1068 in
1550 1026 1810 1081 linguarum

108 1098 283 1155 peritia,
318 1102 360 1139 et
392 1098 441 1139 in
472 1097 541 1154 ijs,
576 1113 689 1153 quae
723 1098 778 1140 ad
812 1098 1065 1141 doctrinam
1099 1097 1457 1140 confessionibus
1488 1097 1645 1139 vtilem
1673 1096 1810 1153 perti-

108 1174 231 1224 nent,
280 1173 325 1211 et
372 1169 552 1211 demum
601 1169 649 1210 in
695 1169 763 1226 ijs,
813 1185 926 1225 quae
975 1170 1031 1212 ad
1078 1184 1316 1212 commune
1357 1169 1607 1211 animarum
1640 1168 1810 1210 bonum

111 1240 419 1283 commodiora
451 1245 557 1283 sunt
588 1240 755 1294 futura,
788 1241 1002 1297 proficere
1033 1243 1230 1285 cui·ent.“

249 1349 313 1391 Vt
334 1347 417 1390 hae
439 1348 794 1390 Constitutiones
816 1353 1064 1402 seruentur,
1098 1363 1256 1405 operae
1289 1348 1485 1405 pretium
1517 1347 1710 1402 videtur,
1744 1351 1808 1401 vt,

108 1420 185 1476 qui
223 1419 436 1461 mediocri
475 1420 635 1461 saltem
675 1434 765 1461 non
810 1424 916 1461 sunt
958 1419 1159 1474 ingenie,
1206 1419 1549 1477 Philosophiam
1596 1433 1688 1461 non
1733 1433 1810 1460 au-

113 1491 255 1545 diant,
306 1490 381 1532 sed
412 1491 485 1533 vel
527 1491 715 1533 Casibus
748 1490 1046 1533 conscientiae
1074 1506 1153 1548 pro
1187 1490 1542 1533 confessionibus
1575 1489 1810 1532 audiendis

110 1562 336 1616 studeant,
369 1562 441 1604 vel
474 1562 512 1603 si
543 1562 591 1603 in
624 1562 782 1618 lingua
810 1562 989 1616 Latina,
1021 1566 1244 1617 quantum
1275 1561 1385 1604 satis
1415 1566 1494 1617 est,
1527 1560 1810 1618 profecerint,

110 1638 205 1674 tam
237 1632 394 1674 docere
426 1634 629 1675 contenti
662 1634 765 1688 sint,
798 1649 881 1676 nec
912 1633 960 1675 in
993 1633 1289 1690 Philosophia
1321 1649 1371 1675 ac
1402 1632 1651 1688 Theologia
1684 1631 1810 1674 occu-

110 1708 286 1761 pentur.
349 1704 463 1746 Nam
499 1705 535 1746 si
567 1705 862 1747 confessarios
895 1709 975 1746 aut
1005 1704 1103 1747 ludi
1134 1704 1377 1760 magistros
1405 1709 1558 1760 agant,
1593 1704 1811 1746 Societati

110 1775 313 1829 Nostrae,
361 1790 474 1830 quae
513 1775 771 1818 huiusmodi
817 1775 1031 1833 operarijs
1069 1775 1202 1818 valde
1238 1775 1426 1830 indiget,
1474 1789 1640 1831 magno
1680 1779 1812 1817 erunt

112 1845 398 1889 adiumento:
451 1846 522 1889 sin
554 1846 873 1904 Philosophiae
905 1862 956 1889 ac
987 1847 1260 1904 Theologiae
1300 1847 1593 1904 applicentur,
1632 1846 1811 1888 nullum

114 1922 194 1958 aut
225 1931 419 1973 paruum
452 1917 639 1959 afferent
672 1933 829 1975 operae
860 1918 1053 1975 pretium
1084 1923 1187 1975 post
1218 1933 1434 1974 magnam
1454 1917 1691 1960 Societatis
1718 1932 1812 1959 mo-

111 1987 290 2029 lestiam
323 2003 374 2030 ac
405 1993 634 2045 sumptum
667 2004 720 2031 ex
752 1990 902 2032 reditu
933 2004 1183 2047 pauperum
1216 1990 1272 2031 ad
1307 1989 1355 2031 id
1385 1989 1516 2031 nobis
1547 1989 1726 2044 collato,
1759 1993 1812 2031 vt

113 2058 162 2100 in
194 2058 420 2101 Ecclesiae
454 2059 622 2101 bonum
655 2059 956 2117 impendatur,
989 2075 1081 2103 non
1112 2066 1165 2104 vt
1195 2060 1473 2103 infructuose
1503 2064 1810 2103 consumatur:

114 2144 216 2172 cum
254 2131 521 2187 praesertim
562 2131 820 2174 huiusmodi
857 2132 1042 2188 ingenio
1080 2132 1212 2174 rudes
1251 2147 1343 2175 non
1382 2132 1526 2174 solum
1568 2146 1622 2174 ex
1657 2132 1812 2174 Philo-

114 2201 273 2259 sophia
304 2203 589 2245 commodum
628 2219 742 2261 pene
782 2204 958 2246 nullum
997 2204 1181 2247 allaturi
1218 2205 1322 2259 sint,
1372 2204 1447 2246 sed
1487 2208 1811 2246 nocumentum

116 2272 253 2314 etiam
288 2273 493 2329 aliquod3
527 2289 633 2316 nam
664 2280 766 2332 post
786 2275 1104 2332 Philosophiae
1136 2275 1338 2318 studium
1359 2274 1661 2332 Philosophos
1681 2290 1812 2330 agere

113 2343 276 2386 volunt
306 2349 351 2386 et
382 2345 526 2387 nihilo
559 2345 752 2388 minores
783 2347 892 2401 fieri,
927 2362 1062 2403 quam
1094 2346 1284 2389 eruditi:
1319 2347 1373 2389 de
1405 2346 1460 2402 ijs
1493 2346 1629 2388 etiam
1658 2346 1809 2403 dispu-

114 2418 228 2469 tant,
275 2430 389 2471 quae
426 2431 518 2458 non
556 2416 836 2472 intelligunt,
885 2422 929 2459 et
972 2417 1163 2475 implent
1203 2418 1477 2461 Societatem
1514 2417 1722 2472 indoctiS,
1759 2421 1812 2459 vt

115 2484 228 2541 aliJ‘S,
261 2486 340 2542 qui
372 2486 494 2529 docti
525 2503 617 2530 esse
649 2494 852 2545 possunt,
884 2489 1009 2532 locus
1040 2503 1132 2531 non
1163 2493 1386 2547 suppetat.

256 2591 580 2635 Verumtamen
611 2593 649 2635 si
682 2594 761 2650 qui
803 2595 860 2636 ab
906 2595 1078 2652 ingenij
1125 2595 1437 2638 mediocritate
1485 2611 1578 2638 non
1621 2597 1625 2652 Ι
1670 2596 1808 2652 longe

117 2661 336 2718 abessent,
369 2679 584 2720 magnam
615 2679 721 2707 vero
754 2681 859 2723 prae
892 2682 937 2709 se
967 2666 1138 2708 ferrent
1169 2666 1366 2710 indolem
1389 2667 1446 2710 ad
1466 2667 1716 2724 regendum
1737 2669 1811 2711 vel

120 2732 176 2775 ad
233 2734 607 2790 concionandum,
667 2751 759 2779 non
805 2737 1069 2780 viderentur
1116 2738 1298 2780 arcendi
1338 2754 1364 2780 a
1401 2738 1722 2796 Philosophiae
1766 2743 1811 2780 et

116 2803 393 2861 Theologiae
414 2806 580 2861 studio,
613 2806 700 2848 nisi
722 2823 889 2864 magna
910 2813 1123 2865 appareat
1143 2809 1457 2864 inaequalitas,
1492 2825 1605 2865 quae
1624 2811 1810 2852 Nostro-

117 2890 218 2918 rum
250 2877 627 2932 tranquillitatem
660 2879 792 2920 valde
825 2880 1071 2935 perturbat,
1106 2895 1207 2921 cum
1239 2880 1505 2937 praesertim
1538 2895 1612 2922 eos
1642 2880 1690 2922 in
1720 2879 1808 2936 pri-

117 2946 216 3000 mis,
264 2947 342 3002 qui
375 2948 722 2991 Concionatores
755 2954 833 2991 aut
867 2950 1128 3007 Superiores
1164 2950 1310 2993 futuri
1347 2955 1466 3006 sunt,
1514 2955 1720 3009 oporteat
1759 2950 1808 2991 in

117 3016 375 3059 humilitate
397 3017 593 3074 fundari,
627 3024 671 3061 et
700 3027 883 3076 paratos
915 3035 1007 3063 esse
1039 3021 1095 3063 ad
1123 3021 1430 3064 desistendum
1450 3037 1476 3065 a
1497 3020 1672 3078 studijs,
1706 3034 1807 3062 cum

119 3089 380 3144 oportuerit.

1838 2623 1866 2647 p.

1891 2616 1949 2640 175.
