2143 3462
242 833 342 864 p.221.

243 2479 270 2502 p.
282 2469 342 2496 2²2.

369 188 453 231 154
555 198 666 234 Ratio
693 199 896 236 studiorum
925 204 964 236 et
989 201 1242 237 institutiones
1269 200 1508 235 scholasticae
1533 200 1728 235 Societatis
1754 200 1844 237 Jesu
1868 201 1907 236 ΙΙ
1946 197 1949 202 ”

362 318 417 359 In
457 317 548 358 illis
594 322 745 360 autem
790 334 891 361 cum
930 319 1195 362 Scholarum
1241 318 1459 361 autoritas
1502 317 1593 360 fere
1637 333 1691 360 ex
1735 319 2055 375 magistrorum

363 388 572 446 opinione
604 393 648 431 et
678 391 917 433 autoritate
949 391 1153 448 pendeat,
1185 390 1446 432 incredibile
1479 389 1606 432 dictu
1627 395 1707 444 est,
1738 395 1958 446 quantum
1986 390 2054 433 in-

365 461 587 503 commodi
620 462 780 504 afferat
811 463 1003 504 mutatio
1036 462 1372 518 magistrorum,
1405 475 1507 502 cum
1537 460 1659 502 notis
1691 465 1737 502 et
1767 476 1934 517 magna
1966 462 2057 503 exi-

363 530 621 575 stimatione
652 533 866 589 praeditis
898 532 1046 588 ignoti
1077 537 1122 574 et
1153 533 1279 574 nulla
1303 532 1533 574 doctrinae
1556 531 1765 588 opinione
1797 531 2055 587 succedunt,

363 602 624 658 praesertim
656 618 776 658 cum,
815 618 947 659 quem
988 603 1242 657 consulant,
1284 602 1480 644 habeant
1516 602 1752 644 neminem.
1814 602 1878 644 At
1911 601 1949 644 si
1980 602 2057 658 qui

364 672 534 728 primae
566 674 755 716 Scholae
776 673 1030 730 praefuturi
1053 673 1212 715 deinde
1234 678 1351 728 sunt,
1384 674 1529 730 priore
1551 687 1669 715 anno
1690 673 1910 715 secundae
1932 688 2057 730 prae-

364 749 508 798 erunt,
541 744 688 786 famae
711 743 884 800 aliquid
906 744 1081 785 interea
1101 743 1339 800 colligent:
1373 759 1462 785 sese
1486 744 1543 786 ad
1565 743 1838 800 superiorem
1859 744 2058 787 scholam

365 815 709 872 comparabunt:
743 815 906 871 quibus
925 815 1057 857 rebus
1077 820 1239 870 egeant
1261 815 1497 873 discilpuli,
1530 815 1771 858 videbunt:
1805 830 1877 858 eos
1909 830 2058 858 secum

363 886 419 928 ad
450 885 722 943 superiorem
754 887 939 929 classem
973 885 1209 928 deducent.
1259 886 1470 928 Efficient
1500 886 1705 943 denique,
1737 891 1790 930 vt
1820 886 2059 942 Magistro-

361 972 460 999 rum
478 957 684 1011 mutatio,
719 972 834 1013 quae
866 961 936 999 tot
967 972 1099 1014 saepe
1131 956 1390 1013 tragoedias
1422 957 1652 1011 excitauit,
1691 971 1784 999 non
1816 956 2058 1000 admodum

361 1028 597 1070 sentiatur.

503 1102 542 1143 6.
572 1099 779 1155 Denique
813 1100 976 1142 scholis
1009 1100 1265 1143 consultum
1297 1104 1411 1142 esset
1443 1114 1580 1155 quam
1606 1099 1815 1153 maxime,
1847 1098 1884 1141 si.
1914 1099 2059 1141 futuri

362 1172 678 1227 Praeceptores
710 1170 886 1213 duobus
919 1176 1022 1214 ante
1054 1171 1297 1226 mensibus,
1330 1174 1410 1212 aut
1442 1185 1492 1212 eo
1532 1170 1724 1227 amplius
1755 1169 1969 1227 priuatim
2002 1169 2058 1212 ab

362 1240 512 1297 aliquo
543 1241 815 1298 peritissimo
839 1247 1151 1285 exercerentur
1170 1242 1218 1284 in
1240 1241 1414 1284 ratione
1446 1241 1642 1297 legendi,
1675 1240 1881 1296 docendi,
1914 1256 2060 1283 emen-

361 1311 521 1366 dandi,
564 1312 788 1355 scribendi
828 1317 873 1355 et
914 1313 1125 1356 Scholam
1168 1313 1366 1370 regendi.
1430 1313 1556 1355 Haec
1593 1313 1713 1354 enim
1752 1312 1790 1354 si
1831 1316 1934 1355 ante
1968 1326 2061 1354 non

363 1382 630 1438 didicerunt,
655 1399 705 1426 ea
728 1385 1016 1442 postmodum
1039 1385 1206 1427 discere
1229 1389 1455 1440 coguntur
1477 1399 1579 1427 cum
1601 1384 1860 1427 auditorum
1882 1383 2061 1438 damno,

362 1459 407 1496 et
437 1470 532 1497 sero
565 1455 802 1512 proficient
833 1461 935 1513 post
966 1455 1319 1499 existimationis
1350 1455 1572 1498 iacturam
1604 1459 1648 1497 et
1678 1455 1795 1498 forte
1826 1469 2060 1511 nunquam

362 1525 587 1583 deponent
617 1526 831 1569 inolitum
862 1526 1049 1570 vitium:
1085 1526 1206 1583 quod
1236 1527 1464 1569 interdum
1494 1542 1577 1569 1160
1607 1541 1824 1583 magnum
1856 1541 1939 1569 nec
1970 1526 2062 1568 ine-

361 1598 618 1640 mendabile
650 1603 728 1653 est,
763 1599 800 1641 si
832 1598 1055 1656 principio
1087 1602 1287 1640 curetur:
1326 1613 1419 1641 non
1459 1602 1614 1641 curato
1656 1602 1805 1640 autem
1837 1597 1890 1639 fit
1920 1612 2059 1655 prope

362 1669 552 1724 inutilis,
572 1669 649 1725 qui
667 1670 869 1726 alioquin
887 1676 1001 1712 esset
1019 1670 1308 1712 vtilissimus:
1334 1669 1425 1712 dici
1444 1669 1522 1712 vix
1539 1674 1701 1727 potest,
1720 1685 1856 1726 quam
1876 1669 2059 1712 moleste

362 1740 588 1782 emendari
620 1740 856 1797 patiantur
886 1741 1225 1798 Praeeeptores,
1262 1746 1504 1798 postquam
1543 1746 1713 1784 certam
1754 1741 1953 1798 aliquam
1985 1740 2061 1783 do-

362 1811 492 1854 cendi
523 1811 746 1854 rationem
777 1812 991 1868 inierunt,
1026 1817 1071 1854 et
1093 1827 1229 1868 quam
1251 1812 1433 1855 crebrae
1455 1827 1507 1855 ea
1528 1812 1582 1855 de
1612 1827 1658 1854 re
1679 1827 1782 1856 cum
1811 1812 2059 1855 Praefectis

361 1883 672 1925 contentiones
704 1883 958 1926 audiantur.
1006 1883 1078 1926 Ab
1110 1884 1196 1926 hoc
1227 1884 1346 1926 malo
1368 1884 1544 1926 Nostris
1576 1889 1628 1927 vt
1658 1884 1810 1926 sedulo
1833 1887 2058 1938 caueatur,

363 1954 615 1996 studiorum
656 1954 938 2010 Praefectus,
979 1954 1057 2011 qui
1096 1954 1232 1997 fuerit
1269 1954 1318 1997 in
1356 1955 1570 2012 primario
1613 1955 1833 2011 Gollegio,
1876 1970 1931 1997 ex
1970 1969 2058 2011 quo

362 2025 616 2067 litterarum
647 2026 980 2068 Humaniorum
1011 2031 1057 2068 et
1077 2027 1409 2069 Grammaticae
1429 2027 1706 2069 Professores
1737 2027 1884 2069 solent
1915 2026 2058 2080 educi,

361 2097 606 2152 quotannis
637 2097 719 2139 sub
753 2102 1000 2140 extremam
1032 2098 1212 2140 circiter
1245 2103 1461 2141 aestatem
1502 2098 1647 2141 tribus
1686 2098 1778 2140 fere
1817 2098 2060 2153 mensibus,

363 2172 606 2223 antequam
638 2168 865 2224 sequentis
897 2169 1006 2211 anni
1037 2169 1188 2211 studia
1218 2169 1540 2224 instaurentur,
1573 2169 1756 2212 Rectori
1790 2184 1842 2211 ac
1872 2170 2062 2211 Prouin-

363 2239 468 2280 ciali
499 2243 677 2281 reuocet
708 2240 757 2281 in
789 2242 1066 2295 memoriam,
1100 2242 1137 2282 si
1159 2241 1290 2283 nouis
1321 2241 1370 2283 in
1394 2255 1562 2283 annum
1585 2241 1777 2282 alterum
1796 2241 2060 2297 Praecepto-

362 2310 487 2352 ribus
518 2310 694 2366 indiget
724 2311 981 2366 Prouincia,
1015 2311 1220 2368 deligant
1251 2327 1394 2354 vnum
1416 2312 1611 2367 aliquem
1642 2311 1691 2353 in
1714 2310 1890 2353 Scholis
1912 2311 2060 2354 mode-

360 2381 513 2423 randis
528 2381 662 2424 valde
681 2387 923 2438 versatum,
944 2382 1038 2425 siue
1057 2383 1116 2425 sit
1136 2399 1190 2426 ex
1211 2383 1556 2438 Professoribus,
1590 2382 1684 2425 siue
1708 2397 1763 2424 ex
1785 2382 2057 2439 Theologiae

364 2452 740 2511 Philosophiaeve
771 2454 1064 2510 auditoribus,
1098 2454 1155 2496 ad
1187 2469 1319 2510 quem
1353 2453 1555 2510 quotidie
1592 2468 1670 2510 per
1706 2453 1876 2512 holram
1915 2454 2061 2496 futuri

362 2523 576 2567 Doctores
595 2526 882 2575 conueniant,
913 2530 967 2567 vt
997 2525 1054 2567 ad
1083 2539 1254 2567 nouum
1285 2524 1343 2567 ab
1374 2524 1454 2566 illo
1485 2523 1784 2567 instituantur
1805 2524 2058 2581 magisteri-

365 2609 455 2649 um,
499 2596 697 2638 vicissim
728 2595 1038 2653 praelegendo,
1080 2595 1328 2650 scribendo,
1362 2595 1595 2649 dictando,
1634 2596 1912 2639 emendando
1951 2596 2060 2639 alia-

367 2681 453 2722 que
492 2668 648 2710 munia
688 2668 797 2710 boni
829 2669 1138 2724 Praeceptoris
1176 2667 1395 2710 obeundo.
1430 2692 1485 2698 -—
1518 2666 1751 2709 Hactenus
1791 2667 1845 2709 de
1876 2668 2059 2709 Praece-

365 2738 594 2796 ptoribus:
617 2753 738 2781 nunc
755 2738 808 2781 de
824 2738 931 2796 ipsis
947 2737 1260 2781 Humanitatis
1275 2737 1487 2780 Partibus
1517 2742 1635 2780 recte
1663 2737 1989 2781 constituendis
2011 2754 2062 2782 ac

366 2809 597 2852 tradendis
629 2809 854 2865 agendum
886 2814 963 2852 est.
