2084 3441
148 330 175 353 p.
197 321 240 345 ΤΒ.

162 2600 191 2622 p.
213 2592 256 2614 80.

266 174 320 214 72
436 182 548 216 Ratio
574 180 778 216 studiorum
804 184 841 215 et
865 180 1121 217 institutiones
1147 180 1386 215 scholasticae
1413 178 1608 214 Societatis
1634 180 1724 215 Jesu
1748 179 1787 214 II

261 305 444 358 possent
475 300 776 357 interpretari,
809 304 865 353 et,
897 299 1052 341 habita
1089 298 1180 339 iam
1209 298 1213 353 Ι
1241 296 1332 338 fere
1373 296 1574 338 omnium
1612 297 1953 354 praecipuorum

260 372 459 414 locorum
505 371 685 426 notitia,
738 371 902 412 certius
946 374 989 411 et
1031 367 1282 410 accuratius
1331 367 1381 408 in
1432 367 1624 423 singulis
1677 368 1955 425 exponendis

260 457 553 484 versaremur.
634 443 863 483 Hactenus
915 441 968 482 de
1021 439 1285 496 Scripturis:
1344 453 1466 480 nunc
1518 439 1572 480 ad
1628 439 1954 481 Scholasticam

261 513 571 569 Theologiam.

1021 939 1112 980 Nr.
1140 939 1213 979 10.

395 1033 473 1096 De
519 1034 821 1110 Tempore,
869 1033 988 1096 Quo
1034 1030 1437 1095 Scholasticae
1482 1030 1835 1109 Theologiae

622 1126 995 1190 curriculum
1030 1124 1464 1204 perficiendum
1508 1125 1606 1188 sit.

1017 1271 1131 1334 Cap.
1175 1270 1207 1318 Ι.

411 1369 447 1410 l.
482 1364 688 1406 Primum
720 1364 900 1420 quidem
932 1379 1024 1405 non
1056 1378 1199 1419 pauca
1231 1367 1350 1418 sunt,
1385 1378 1497 1418 quae
1528 1378 1621 1405 non
1652 1363 1802 1405 minus
1836 1362 1966 1418 quin-

267 1436 465 1493 quennio
509 1435 804 1491 Theologiam
853 1439 999 1477 totam
1045 1434 1357 1490 explicandam
1404 1450 1494 1476 esse
1543 1435 1783 1476 declarant.
1846 1434 1964 1475 Nam

265 1508 409 1565 primo
444 1506 727 1562 quadriennij
762 1506 962 1548 breuitas
994 1505 1120 1547 obest
1151 1505 1328 1560 magnis
1359 1505 1671 1562 progressibus
1709 1508 1967 1546 nostrorum

267 1579 564 1631 Scholarium,
599 1582 650 1619 Vt
671 1579 937 1619 excellentes
960 1591 1194 1632 nunquam
1213 1577 1286 1617 Vel
1317 1590 1418 1617 raro
1441 1576 1660 1618 euadant:
1693 1574 1970 1632 experientia

267 1650 389 1691 enim
422 1649 566 1703 docet,
599 1664 833 1704 nunquam
867 1653 1021 1690 exacte
1065 1647 1263 1704 potuisse
1304 1647 1601 1702 quadriennio
1633 1646 1804 1703 perlegi
1826 1646 1970 1688 Theo-

266 1721 438 1776 logiam
472 1724 631 1774 totam,
663 1720 755 1761 imo
787 1734 932 1775 neque
961 1718 1201 1776 primarias
1233 1718 1527 1773 quaestiones

411 1794 449 1835 2.
482 1791 600 1840 Quia
631 1791 679 1832 in
712 1791 887 1846 aliquot
925 1790 1184 1847 Academijs
1224 1805 1437 1846 magnam
1478 1790 1565 1832 sibi
1603 1790 1759 1832 Nostri
1800 1790 1969 1832 autori-

272 1867 416 1904 tatem
449 1867 769 1919 compararunt
801 1866 1011 1904 accurata
1043 1866 1087 1903 et
1119 1862 1448 1917 quinquennali
1470 1861 1743 1918 Theologiae
1774 1865 1973 1919 pertrac-

270 1933 456 1987 tatione,
489 1934 553 1974 ita
585 1938 637 1975 ut
669 1933 895 1990 Episcopi,
928 1933 1236 1989 Inquisitores,
1271 1933 1437 1989 alijque
1469 1933 1666 1975 multum
1689 1932 1821 1974 nobis
1854 1932 1971 1975 defe-

269 2009 373 2046 rant
405 2010 448 2046 et
480 2005 645 2046 nostris
678 2004 967 2060 acquiescant
999 2004 1246 2060 sententijS,
1281 2019 1383 2046 cum
1414 2004 1587 2060 aliquid
1608 2003 1732 2059 dubij
1757 2004 1970 2047 occurrit:

269 2081 371 2118 ruet
412 2076 523 2118 haec
565 2075 854 2130 existimatio,
896 2075 985 2118 nisi
1023 2075 1183 2131 ijsdem
1213 2075 1313 2131 vijS,
1354 2075 1518 2131 quibus
1557 2078 1687 2132 parta
1725 2074 1827 2130 fuit,
1869 2090 1972 2117 con-

271 2152 488 2191 seruetur.

413 2221 452 2263 3.
494 2218 853 2261 Constitutiones
898 2222 1047 2275 aperte
1089 2218 1359 2273 desiderant,
1399 2222 1450 2260 ut
1482 2217 1638 2260 Nostri
1669 2217 1892 2259 excellant
1922 2217 1972 2258 in

272 2289 534 2345 Theologia,
567 2290 644 2331 sed
676 2290 713 2331 si
745 2290 1091 2345 quadriennium
1122 2289 1447 2346 praescribunt,
1489 2288 1536 2330 id
1576 2287 1749 2329 factum
1788 2287 1878 2329 fuit
1918 2302 1971 2329 ex

272 2374 335 2413 eo,
371 2361 490 2415 quod
521 2365 631 2402 tunc
662 2361 864 2402 nondum
896 2365 1102 2417 coeptum
1134 2360 1282 2402 fuerat
1313 2366 1408 2401 tam
1441 2359 1594 2401 sedulo
1626 2359 1674 2400 in
1698 2359 1836 2400 Casus
1870 2373 1972 2401 con-

274 2431 488 2473 scientiae
521 2437 564 2473 et
596 2432 643 2473 in
668 2432 1007 2474 Controuersias
1038 2430 1255 2485 incumbi,
1287 2445 1413 2486 quae,
1447 2444 1549 2472 cum
1580 2429 1864 2485 postmodum
1900 2444 1971 2471 ac-

275 2502 501 2557 cesserint,
534 2504 635 2559 plus
668 2504 858 2559 exigunt
889 2503 1118 2560 temporis,

418 2577 458 2617 4.
494 2574 708 2617 Omnium
740 2575 830 2616 iam
856 2575 1198 2616 Academiarum
1230 2573 1429 2615 obtinuit
1452 2586 1570 2626 VSUS,
1604 2576 1657 2614 vt
1684 2574 1689 2625 1
1719 2571 1972 2627 quinquen-

274 2644 401 2686 nium
454 2646 726 2701 Theologiac
777 2646 1081 2702 impendatur:
1136 2659 1355 2701 magnum
1401 2658 1505 2685 sane
1550 2642 1879 2699 praeiudicium
1919 2642 1972 2684 de

274 2715 419 2758 nimia
450 2716 672 2759 breuitate
707 2717 1004 2773 quadriennij.

417 2790 457 2830 5,
490 2788 661 2830 Multae
681 2789 954 2844 Theologiae
984 2792 1133 2844 partes
1164 2786 1366 2828 nondum
1397 2786 1624 2842 perfectae
1645 2790 1764 2840 sunt,
1796 2800 1877 2827 nec
1899 2800 1972 2827 eas

276 2858 537 2915 perficiendi
587 2875 686 2915 spes
732 2859 905 2914 reliqua
952 2859 1041 2912 fiet,
1090 2871 1128 2912 si
1158 2857 1493 2913 circumscripto
1538 2856 1832 2912 quadriennio
1879 2871 1972 2898 non

277 2934 371 2970 tam
405 2929 651 2971 curandum
691 2931 764 2980 sit,
798 2934 849 2971 vt
888 2929 1059 2984 aliquid
1093 2929 1300 2982 addatur,
1334 2942 1468 2983 quam
1510 2933 1561 2970 vt
1593 2928 1737 2969 multa
1777 2942 1974 2969 resecen-

276 3005 363 3054 tur,
403 3001 493 3041 imo
536 3000 780 3056 opiniones,
821 3015 932 3054 quas
971 3015 1090 3041 nunc
1130 2999 1295 3055 passim
1335 2999 1613 3053 ‹lz'lmnamua
1662 3003 1843 3054 possent
1891 2998 1970 3039 ali-

277 3072 457 3127 quando
507 3072 600 3112 iure
648 3071 840 3126 quodam
888 3086 967 3112 suo
1015 3071 1293 3124 reuiuiscere,
1342 3075 1561 3125 tanquam
1600 3069 1802 3111 nondum
1843 3069 1972 3124 plene
