2143 3462
267 1062 293 1084 p.
308 1052 367 1076 225.

389 194 472 236 156
549 204 659 240 Ratio
685 205 887 240 studiorum
913 209 951 241 et
976 206 1231 242 institutiones
1257 207 1497 242 scholasticae
1523 208 1717 243 Societatis
1743 209 1833 244 Jesu
1856 210 1895 244 II

388 323 585 380 Supinis,
617 324 886 380 Partieipijs,
919 325 1158 367 Infinitis.1
1217 325 1415 367 Additur
1454 325 1590 367 etiam
1628 325 1800 382 aliquid
1830 327 1885 369 de
1918 328 2075 384 Causa,

387 394 440 436 de
471 395 798 450 Instrumento,
838 396 892 437 de
930 397 1162 452 Temporis
1202 396 1544 439 continuatione
1581 401 1625 438 et
1663 397 1922 441 huiusmodi
1964 400 2075 456 alijs,

388 480 502 522 quae
541 467 690 523 pueris
729 482 849 509 nunc
889 467 1086 523 primum
1124 467 1484 523 ingredientibus
1520 472 1738 525 tanquam
1771 470 1967 512 salebrae
1999 475 2077 512 aut

386 537 523 579 tricae
555 537 690 593 obijci
721 539 947 580 videntur.
998 539 1202 581 Secundo
1223 539 1305 580 sub
1337 538 1524 580 initium
1555 539 1660 581 libri
1681 540 1865 582 secundi
1894 545 1938 583 et
1959 541 2077 597 Syn-

386 613 540 651 taxeos
563 610 767 665 Regulae
799 609 1021 665 quaedam
1042 610 1298 663 traduntur,
1330 610 1378 651 in
1411 609 1574 666 quibus
1605 611 1773 653 mentio
1806 611 1858 653 fit
1888 613 2080 654 Neutro-

385 695 499 734 rum,
531 681 869 737 Deponentium
901 684 997 734 etc.,
1032 696 1220 736 quorum
1253 681 1577 737 expositionem
1598 682 1770 723 nullam
1793 686 1922 725 autor
1952 699 2078 740 prae-

386 751 568 793 miserat
599 752 648 792 in
681 755 718 795 2.
751 751 842 805 1111,
877 751 953 793 30(1
983 753 1031 792 111
1062 752 1352 794 Rudimentis
1383 767 1486 808 pag.
1514 756 1609 796 116.
1643 753 1721 795 11101
1752 757 1822 795 tot
1855 754 2081 797 Generum

388 827 432 864 et
448 823 656 865 classium
673 823 912 865 verborum
936 823 1214 864 coaceruatio
1238 823 1388 865 obruit
1404 838 1604 879 puerum.
1656 823 1786 866 Adde
1809 825 1928 879 quod
1949 825 2080 867 aliter

388 893 436 934 in
469 894 677 949 Syntaxi,
712 894 842 936 aliter
871 894 920 935 in
951 894 1241 936 Rudimentis
1262 894 1411 937 Verba
1443 894 1591 936 actiua
1613 898 1657 936 et
1678 900 1837 937 neutra
1868 895 2081 938 describit

387 968 519 1020 atque
540 965 752 1021 explicat:
777 965 897 1020 quod
920 964 1231 1006 confusionem
1252 965 1371 1021 parit
1391 980 1483 1007 non
1505 965 1741 1007 modicam.
1782 967 1934 1009 Tertio
1959 967 2080 1022 quod

390 1036 436 1076 in
470 1036 593 1078 omni
625 1036 821 1092 Syntaxi
853 1036 1050 1078 eundum
1083 1036 1169 1078 sibi
1200 1038 1382 1093 putauit
1403 1052 1481 1092 per
1504 1052 1647 1078 casus:
1681 1036 1942 1095 cu[iusmodi
1973 1038 2081 1080 ordo

388 1108 602 1162 postulat,
633 1112 686 1150 vt
717 1108 940 1164 principio
973 1108 1230 1150 difficiliora
1261 1108 1482 1163 quaedam
1513 1112 1753 1164 ponantur,
1786 1124 1899 1164 quae
1928 1113 2083 1165 postea

390 1179 567 1220 facilius
597 1179 974 1235 intelligerentur,
1007 1183 1059 1222 vt
1090 1180 1137 1221 in
1161 1179 1376 1221 Genitiuo
1405 1179 1670 1235 explicando
1693 1180 1944 1222 afferuntur
1973 1195 2084 1222 non-

387 1250 512 1292 nulla
545 1250 598 1292 de
629 1250 789 1292 Refert
829 1255 873 1292 et
903 1251 1097 1292 Interest
1127 1265 1261 1307 su-pra
1294 1254 1476 1306 captum
1507 1265 1674 1305 eorum,
1709 1251 1789 1306 qui
1808 1251 1938 1292 lactis
1967 1251 2084 1292 indi-

387 1325 496 1376 gent
534 1321 696 1378 potius.
760 1322 960 1364 Additur
991 1327 1035 1364 et
1066 1322 1214 1364 nescio
1257 1321 1367 1377 quid
1405 1321 1459 1363 de
1493 1322 1624 1376 Sum,
1670 1337 1772 1364 cum
1811 1322 1867 1364 ad
1912 1322 2085 1378 aliquid

387 1393 611 1449 pertinere
644 1393 885 1449 significat,
920 1394 1159 1435 obscurum
1192 1398 1236 1435 et
1268 1393 1463 1436 obscure.
1514 1393 1621 1434 Alia
1651 1394 1795 1435 multa
1825 1393 2085 1436 huiusmodi

389 1468 632 1506 occurrunt
673 1465 942 1519 difficiliora,
975 1480 1088 1520 quae
1119 1470 1271 1507 tamen
1303 1464 1497 1521 suscepti
1530 1464 1699 1506 ordinis
1727 1465 1843 1507 ratio
1862 1465 2084 1522 principio

387 1535 599 1578 collocari
630 1536 852 1592 exigebat.
915 1537 1087 1587 Quarto
1119 1536 1270 1579 Verba
1302 1535 1466 1590 omnia,
1499 1550 1612 1591 quae
1633 1536 1689 1578 ad
1711 1536 1902 1578 eundem
1934 1551 2086 1578 casum

387 1608 637 1663 pertinent,
674 1607 724 1649 in
754 1623 898 1650 vnum
931 1607 1129 1663 colligit,
1173 1608 1480 1662 cuiuscunque
1518 1607 1609 1648 sint
1650 1608 1839 1662 generis.
1902 1608 2086 1650 Miscuit

387 1679 540 1734 itaque
571 1679 738 1720 Actiua
760 1679 1118 1735 Deponentibus,
1151 1679 1322 1721 Neutra
1345 1679 1681 1733 Communibus,
1714 1678 1976 1721 Personalia
1996 1680 2087 1721 Im-

387 1750 710 1807 personalibus.
764 1750 911 1800 Quam
943 1751 1205 1792 methodum
1233 1750 1478 1806 probarent
1510 1749 1690 1804 quidem
1713 1750 1907 1792 maxime
1928 1751 2084 1793 Philo-

390 1821 532 1877 sophi,
567 1821 645 1877 qui
675 1821 725 1863 in
757 1826 877 1863 certa
910 1822 1128 1877 quaedam
1160 1835 1324 1877 genera
1361 1836 1430 1862 res
1461 1821 1696 1863 vniversas
1727 1821 1959 1863 reducunt.
2022 1821 2086 1864 At

389 1907 482 1934 non
514 1893 658 1934 omnis
690 1893 812 1946 ordo,
845 1908 933 1949 quo
960 1893 1172 1946 exactior,
1208 1892 1370 1934 clarior
1402 1892 1539 1933 etiam
1570 1896 1649 1947 est,
1683 1892 1887 1948 alioquin
1918 1892 2087 1935 frustra

390 1963 655 2020 Philosophi
687 1964 826 2006 alium
859 1968 1061 2018 naturae,
1096 1964 1235 2006 alium
1268 1963 1498 2005 doctrinae
1538 1963 1828 2018 distinguunt
1866 1963 2083 2007 ordinem.

392 2034 522 2076 Alius
554 2034 697 2090 igitur
733 2035 924 2077 inseruit
963 2035 1069 2077 ordo
1111 2034 1378 2088 subtilitati,
1419 2034 1535 2076 alius
1572 2034 1894 2090 perspicuitati.
1959 2035 2086 2077 Certe
2140 2073 2142 2076 ,

391 2106 698 2148 Emmanuelis
731 2106 839 2148 ordo
873 2122 927 2148 ex
959 2107 1083 2148 omni
1115 2121 1276 2161 genere
1315 2105 1453 2147 verba
1492 2105 1645 2147 omnia
1682 2105 1731 2147 in
1761 2121 1903 2148 vnum
1935 2121 2087 2148 casum

390 2178 697 2219 coaceruantis
729 2178 1049 2219 subtilissimus
1087 2180 1173 2229 est,
1214 2176 1290 2218 sed
1332 2176 1481 2232 pueris
1512 2191 1605 2218 non
1633 2177 1874 2219 admodum
1894 2192 2088 2220 commo-

392 2248 487 2302 dus,
521 2263 710 2304 quorum
755 2248 848 2290 fere
888 2249 1131 2291 lactescens
1170 2247 1430 2303 ingenium,
1470 2253 1565 2290 tam
1604 2248 1834 2291 variorum
1871 2264 2087 2304 generum

392 2319 670 2361 connexione
702 2323 746 2360 et
777 2323 872 2361 tam
905 2319 1191 2361 dissimilium
1230 2318 1603 2361 terminationum
1636 2319 1944 2375 colligatione,
1986 2325 2088 2362 tan-

393 2404 527 2444 quam
558 2390 901 2432 versicoloribus
934 2389 1123 2444 aulaeis,
1158 2393 1237 2431 aut
1274 2389 1413 2445 varijs
1443 2390 1692 2431 luminibus
1723 2390 1858 2432 simul
1889 2390 2086 2446 obiectis,

391 2459 659 2502 imbecillior
697 2461 852 2503 oculus
888 2461 1248 2517 praestringitur.
1313 2461 1481 2510 Quinto
1522 2461 1571 2502 in
1610 2476 1700 2503 vno
1743 2461 1943 2516 quolibet
1981 2477 2088 2504 casu

393 2532 654 2586 exponendo
686 2532 853 2588 redigit
884 2533 1030 2574 multa
1060 2532 1198 2574 verba
1227 2531 1276 2573 in
1309 2531 1396 2573 duo
1418 2532 1491 2574 vel
1512 2531 1600 2573 tria
1621 2531 1693 2573 vel
1714 2532 1845 2587 plura
1866 2532 2086 2587 quaedam

394 2601 557 2657 capita,
590 2603 718 2644 verbi
749 2603 912 2658 gratia,
945 2603 1097 2644 omnia
1127 2602 1279 2657 verba,
1313 2617 1425 2658 quae
1447 2601 1708 2656 significant
1729 2602 1993 2657 obsequium
2014 2602 2088 2645 vel

283 2700 288 2712 ‚
330 2691 344 2712 κ
368 2673 725 2728 .possessionem,
759 2674 831 2715 vel
855 2689 968 2729 quae
990 2674 1250 2729 significant
1274 2672 1484 2726 studium,
1514 2677 1596 2717 etc.
1645 2673 1771 2714 Haec
1792 2672 2085 2730 geneiralitas,

393 2747 563 2799 quanto
595 2744 851 2786 methodica
882 2745 1028 2800 magis
1059 2749 1138 2799 est,
1171 2759 1221 2786 eo
1254 2743 1403 2785 minus
1442 2747 1547 2800 apta
1580 2743 1825 2798 tironibus,
1856 2744 1934 2799 qui
1965 2744 2087 2786 axio-

394 2818 567 2856 matum
599 2815 876 2869 generalium
908 2829 1000 2856 non
1031 2818 1137 2856 sunt
1168 2829 1364 2870 capaceS,
1398 2813 1475 2856 sed
1507 2814 1804 2870 singularium
1836 2815 2006 2871 potius:
2038 2815 2087 2856 in
2135 2844 2142 2851 .,

394 2885 544 2942 pueris
577 2886 696 2926 enim
728 2885 856 2939 viget
885 2885 1031 2941 magis
1062 2900 1227 2939 sensus,
1260 2884 1338 2939 qui
1370 2888 1435 2926 est
1458 2884 1769 2940 singularium,
1801 2899 1935 2940 quam
1954 2884 2086 2926 intel-

394 2955 569 3011 ligendi
589 2955 672 3009 vis,
695 2955 751 2996 ad
773 2971 907 3011 quam
930 2956 1159 3010 generalia
1174 2955 1420 3012 pertinent:
1449 2960 1762 3012 praeterquam
1785 2955 1905 3011 quod.
1924 2955 2085 2997 horum

397 3026 673 3083 generalium
695 3030 766 3067 tot
786 3031 891 3068 sunt
914 3026 1195 3082 exceptiones
1216 3026 1472 3081 aliquando,
1496 3030 1548 3068 vt
1568 3026 1648 3069 vix
1669 3025 1910 3067 diiudicari
1930 3024 2084 3081 possit,

397 3114 451 3140 ex
489 3097 624 3153 ijsne,
673 3112 732 3139 an
771 3112 825 3139 ex
857 3097 946 3139 illis
978 3097 1136 3153 regula
1169 3096 1486 3139 constituenda
1518 3096 1590 3139 sit.
1653 3096 1812 3150 Sexto,
1853 3099 1945 3137 esto
1976 3095 2084 3138 haec

543 3181 555 3201 ¹
580 3195 627 3211 z
650 3179 862 3218 InfinitiviS.
914 3181 1026 3225 (Nota
1053 3179 1236 3224 editoris)
