2153 3467
136 2642 312 2672 :st-riminnis

346 203 433 247 402
526 214 636 249 Ratio
663 213 867 249 studiorum
895 219 932 249 et
957 211 1215 249 institutiones
1241 211 1481 249 scholasticae
1508 213 1704 250 Societatis
1730 215 1821 251 Jesu
1848 215 1886 251 11

347 336 706 388 praeceptorum,
759 331 796 372 si
846 332 1006 376 oratic.
1075 332 1214 374 Huic'

347 402 553 458 repetitio
587 402 641 443 de
673 416 794 444 more
826 403 1045 445 succedat.

490 473 696 515 Secunda
728 472 839 516 hora
869 474 1193 530 pomeridiana,
1376 473 1582 515 Secunda
1628 473 1739 516 hora
1782 480 1914 531 poeta
1959 490 2083 533 prae-

347 544 497 598 graeci
529 544 725 586 auctoris
747 550 974 601 postrema
1003 544 1194 586 lectione
1234 544 1432 599 legatur,
1471 545 1758 600 corrigantur
1803 546 1972 603 scripta
2011 547 2082 589 vel

348 615 559 670 repetita,
606 630 726 657 nova
772 616 1017 672 explicetur
1063 620 1197 670 atque
1234 629 1365 656 mane
1407 615 1627 672 imperata
1665 617 1735 659 Vel
1774 631 1889 672 quae
1933 632 2083 674 super-

348 686 575 741 exigatur;
609 687 831 742 reliquum
862 692 1038 743 tempus
1062 687 1196 728 modo
1234 686 1416 741 fuerint,
1447 686 1730 742 dicteturque
1765 694 2082 743 argumentum

348 757 626 812 corrigendis
658 757 831 813 graecis
863 756 1197 813 scriptionibUS,
1235 757 1472 799 scribendi.

348 827 480 869 modo
495 843 679 883 graecae
695 828 880 884 syntaxi
891 832 935 869 et
952 827 1040 869 arti
1049 827 1200 869 metri-

348 914 436 954 cae,
469 899 603 941 modo
647 914 834 954 graecae
872 899 1199 941 concertationi

347 975 608 1012 reservetur.

490 1041 575 1084 Die
607 1041 857 1084 vacationis
895 1041 1142 1098 explicetur
1171 1040 1415 1083 historicus
1448 1041 1519 1084 vel
1554 1046 1686 1098 poeta
1717 1042 1792 1084 vel
1825 1042 2000 1098 aliquid
2024 1043 2082 1085 ad

349 1113 648 1155 eruditionem
679 1112 924 1169 pertinens,
957 1117 1002 1154 et
1032 1113 1269 1155 recolatur.

486 1185 571 1226 Die
589 1185 769 1227 sabbati
786 1189 887 1242 post
906 1185 1093 1227 brevem
1112 1184 1254 1226 totius
1276 1183 1588 1227 hebdomadae
1609 1184 1930 1242 repetitionem
1949 1199 2080 1226 mane

347 1257 492 1313 prima
512 1256 623 1298 hora
642 1256 908 1312 explanetur
924 1255 1240 1297 historicusvel
1257 1260 1390 1311 poeta
1411 1262 1518 1305 (1832
1543 1272 1610 1296 om.
1628 1261 1707 1303 „vel
1721 1263 1891 1310 poeta“);
1921 1255 2083 1297 ultima

348 1328 458 1369 hora
488 1332 566 1369 aut
596 1327 819 1369 habeatur
839 1327 895 1369 ab
918 1327 1069 1383 aliquo
1092 1325 1414 1383 discipulorum
1435 1325 1705 1368 declamatio
1726 1326 1800 1367 vel
1821 1326 2080 1382 praelectio,

349 1404 427 1440 aut
459 1399 517 1440 ad
556 1399 843 1441 humanistas
874 1398 1121 1440 audiendos
1154 1404 1282 1439 eatur
1329 1401 1407 1439 aut
1454 1402 1748 1439 concertetur.
1811 1398 1853 1439 A
1892 1397 2082 1453 prandio

348 1471 600 1526 explicetur
631 1474 778 1527 poeta,
813 1471 988 1512 Graeca
1021 1473 1072 1523 (et
1105 1468 1362 1522 vernacula)
1394 1468 1668 1510 recolantur.

490 1541 646 1584 Sicubi
698 1556 807 1584 vero
859 1545 1035 1598 praeter
1086 1540 1217 1583 duas!

348 1612 491 1665 horas,
524 1618 623 1655 tum
651 1628 783 1655 mane
804 1617 903 1655 tum
923 1612 1113 1669 vesperi,
1133 1627 1198 1653 se-

349 1684 524 1726 mihora
557 1684 754 1739 additur,
788 1699 839 1726 ea
871 1683 1089 1726 historico
1120 1683 1196 1726 vel

347 1761 504 1813 poetae
548 1756 813 1810 tribuenda;
853 1755 974 1811 quod
1020 1754 1057 1796 si
1102 1754 1196 1809 fiat,

348 1828 525 1870 sabbati
546 1829 870 1885 praelectiones
892 1827 966 1869 Vel
987 1840 1080 1869 non
1112 1826 1198 1867 dif-

347 1900 496 1942 ferant
542 1900 598 1941 ab
638 1899 740 1942 aliis
780 1899 959 1954 diebus,
1006 1898 1101 1952 vel,
1142 1897 1198 1939 iis

348 1971 535 2025 omissis,
568 1971 778 2028 repetitio
811 1970 986 2027 plenior
1017 1969 1198 2011 institu-

349 2048 450 2085 atur
482 2047 526 2085 et
557 2043 848 2085 concertatio.

490 2139 534 2184 3.
588 2138 813 2189 Quoniam
825 2136 1067 2179 memoriae
1079 2135 1346 2192 quotidiana
1363 2133 1627 2176 exercitatio
1644 2132 1814 2175 rhetori
1832 2133 2081 2176 necessaria

347 2217 427 2267 est,
461 2217 594 2268 atque
626 2212 675 2253 in
697 2211 780 2252 hac
800 2210 937 2252 classe
959 2223 1090 2264 saepe
1112 2206 1293 2262 longius
1313 2205 1636 2263 praelectiones
1658 2209 1914 2260 excurrunt,
1947 2219 2081 2261 quam

346 2290 398 2326 ut
429 2283 549 2325 tradi
581 2282 811 2324 commode
842 2279 1083 2323 memoriae
1111 2277 1300 2335 possint,
1334 2277 1604 2332 Praeceptor
1625 2279 1799 2317 statuet
1829 2276 1939 2333 ipse,
1973 2276 2082 2332 quid

348 2360 659 2410 quantumque
691 2351 991 2405 ediscendum,
1025 2354 1069 2391 et
1089 2347 1326 2405 quomode,
1359 2348 1397 2388 si
1420 2346 1599 2402 exigere
1629 2346 1753 2401 velit,
1786 2346 2078 2389 recitandum.

348 2426 445 2467 Imo
479 2440 532 2467 ex
565 2440 648 2467 usu
680 2429 808 2478 esset,
840 2428 892 2465 ut
924 2420 1113 2465 subinde
1146 2419 1309 2475 aliquis
1341 2433 1364 2460 e
1394 2422 1610 2473 suggestu
1640 2419 1851 2459 recitaret
1882 2433 1994 2474 quae
2026 2433 2080 2460 ex

349 2496 531 2553 optimis
554 2496 812 2538 auctoribus
836 2494 1077 2546 didicisset,
1103 2491 1159 2534 ad
1176 2489 1415 2532 memoriae
1432 2488 1801 2531 exercitationem
1823 2488 1957 2530 simul
1979 2504 2080 2530 cum

349 2567 526 2608 actione
553 2566 848 2622 jungendam.

490 2638 535 2684 4.
599 2638 651 2679 In
685 2637 927 2693 scriptione
960 2633 1226 2690 corrigenda
1256 2633 1440 2686 indicet,
1473 2631 1510 2673 si
1541 2630 1649 2687 quid
1681 2631 1730 2673 in
1762 2629 1952 2673 artificio
1985 2645 2080 2672 ora-

350 2709 465 2750 torio
499 2714 578 2750 aut
609 2709 797 2765 poetico,
832 2708 877 2750 in
912 2706 1139 2762 elegantia
1169 2705 1385 2759 cultuque
1426 2703 1661 2756 sermonis,
1694 2702 1742 2744 in
1774 2701 2079 2744 connectenda

349 2780 567 2834 oratione,
602 2780 649 2821 in
681 2779 879 2821 numeris
910 2776 1248 2830 concinnandis,
1281 2775 1329 2815 in
1361 2773 1685 2830 orthographia
1717 2777 1796 2815 aut
1827 2772 1957 2814 aliter
1977 2787 2077 2828 pec-

350 2857 502 2893 catum
536 2851 690 2903 fuerit3
723 2851 759 2891 si
793 2850 892 2905 quis
924 2849 1048 2891 locus
1081 2860 1327 2904 perperam,
1360 2845 1397 2886 si
1416 2845 1615 2899 obscure,
1649 2844 1687 2885 si
1707 2843 1938 2885 humiliter
1957 2847 2076 2884 trac-

350 2927 492 2975 tatus3
527 2921 563 2962 si
597 2921 804 2962 decorum
838 2920 1022 2962 minime
1044 2922 1286 2970 servatum,
1319 2915 1357 2957 si
1378 2931 1468 2972 qua
1489 2915 1707 2971 digressio
1727 2914 1906 2970 longior
1927 2913 2076 2968 fuerit,

349 2998 393 3034 et
426 2993 514 3034 alia
545 2992 722 3047 generis
755 2991 966 3046 ejusdem.
1030 2989 1257 3044 Denique,
1297 2988 1500 3029 oratione
1540 2985 1767 3039 absoluta,
1800 2999 1926 3026 suam
1958 2984 2077 3040 quis-

350 3066 472 3120 (με’,
507 3078 639 3119 quam
675 3067 779 3104 ante
811 3076 888 3118 per
918 3066 1069 3118 partes
1101 3059 1334 3111 attulerat,
1368 3063 1510 3100 totam
1543 3055 1676 3098 simul
1697 3055 1965 3111 descriptam
1998 3060 2077 3096 aut

498 3149 505 3167 ¹
541 3158 584 3182 111.
612 3158 678 3181 om.
710 3157 780 3188 „012
807 3146 918 3180 absol.
945 3156 1047 3179 suam
1076 3144 1213 3188 quisq.“
