2148 3402
759 180 802 222 R.
826 190 872 222 st.
901 186 1002 221 1586.
1053 184 1165 222 Libri.
1718 176 1801 220 179

104 303 268 345 litatis:
302 307 400 345 tum
433 303 539 359 quia
572 304 724 360 aliqua
755 308 862 346 sunt
893 308 1152 361 poematum
1174 309 1543 360 caeterorumque
1566 321 1806 361 argumen-

103 379 250 416 torum
283 389 469 429 genera,
503 390 616 430 quae
646 375 829 417 nonnisi
861 390 887 416 a
918 390 1077 431 parum
1109 375 1310 417 honestis
1342 376 1577 417 autoribus
1608 381 1805 419 tractata

102 450 228 499 sunt,
271 449 322 487 vt
355 445 642 500 Oomoediae,
675 446 1039 502 Epigrammata,
1073 446 1256 501 Elegiae
1298 450 1341 487 et
1375 446 1499 487 Odae
1540 462 1707 501 magna
1749 464 1803 490 ex

99 519 238 570 parte,
272 515 435 571 quibus
458 516 612 558 Nostri
646 515 832 557 carituri
860 521 979 565 sunt,
1012 517 1049 558 si
1081 516 1341 559 huiusmodi
1361 517 1597 559 autoribus
1619 519 1802 561 omnino

99 586 356 642 priuentur:
405 592 504 628 tum
536 587 662 642 quia,
704 587 882 628 etiamsi
921 601 1013 629 non
1053 587 1170 630 desit
1209 588 1441 629 interdum
1482 603 1601 630 unus
1639 589 1803 644 aliquis

99 662 242 712 autor,
275 659 353 714 qui
385 673 498 713 quae
530 659 723 715 turpiter
743 657 834 712 alij,
867 657 1101 699 honestius
1133 659 1226 714 ipse
1259 659 1481 713 tractarit,
1516 664 1562 701 at
1594 664 1802 702 autorum

97 730 293 771 varietas
330 729 583 771 vberiorem
626 728 775 769 reddit
812 743 1052 784 puerorum
1090 744 1252 771 venam
1299 734 1344 770 et
1393 730 1655 787 facilliorem
1702 731 1802 772 imi·
1825 760 1851 782 ,,,
1881 753 1944 777 264,

96 800 336 842 tationem:
371 805 469 842 tum
502 801 608 855 quia
640 799 870 841 auditores
901 800 1046 841 nostri
1077 801 1187 841 noui
1218 815 1399 857 prorsus
1431 801 1714 844 videbuntur
1747 803 1803 844 ad

96 887 167 925 ea,
206 872 254 913 in
291 872 457 927 quibus
489 871 653 913 caeteri
683 871 895 927 discipuli
934 886 978 912 se
1010 871 1250 913 iactabunt
1289 887 1381 914 esse
1412 877 1630 915 versatos.
1696 873 1804 915 Cae-

97 947 242 983 terum
275 957 326 983 ea
358 942 585 998 purgandi
616 943 746 996 ratio,
790 957 904 997 quae
943 957 1024 998 pro
1063 942 1345 999 turpioribus
1377 943 1527 985 verbis
1561 947 1640 984 aut
1670 944 1802 986 rebus

95 1013 356 1055 honestiora
389 1014 622 1069 subrogat,
655 1028 747 1055 non
776 1013 1016 1069 probatur:
1050 1018 1149 1055 tum
1183 1014 1289 1069 quia
1320 1015 1508 1070 quaevis
1530 1014 1802 1056 adhibeatur

94 1085 321 1140 purgatio,
362 1099 536 1140 semper
566 1088 719 1126 tamen
750 1084 876 1139 liber,
919 1084 1048 1126 cuius
1081 1088 1400 1139 argumentum
1433 1089 1566 1141 turpe
1599 1085 1670 1140 sit,
1712 1086 1802 1141 pri-

91 1155 262 1197 stinum
286 1171 337 1197 ac
358 1155 568 1197 natiuum
591 1170 638 1196 re
648 1155 772 1196 dolet
797 1156 979 1197 odorem
1002 1161 1082 1197 aut
1103 1170 1328 1212 saporem:
1363 1160 1481 1197 certe
1503 1156 1598 1212 ipse
1619 1156 1799 1198 dicendi

93 1225 335 1281 character,
358 1227 614 1281 allusiones,
637 1242 786 1268 rerum
809 1227 956 1281 series,
989 1227 1059 1268 uis
1085 1227 1341 1281 affectuum,
1363 1226 1592 1268 schemata
1620 1227 1797 1283 aliaque

92 1297 370 1352 huiusmodi,
412 1298 532 1353 quod
576 1298 702 1340 Virus
742 1298 990 1340 hauserunt
1030 1298 1087 1340 ab
1120 1297 1292 1340 autoris
1325 1298 1489 1353 animo,
1530 1298 1578 1339 in
1617 1299 1796 1340 lectoris

93 1373 310 1423 mentem,
344 1370 552 1424 quamuis
585 1385 636 1411 ea
669 1369 721 1411 de
753 1385 800 1411 re
831 1369 948 1411 nihil
980 1369 1277 1425 cogitantem,
1317 1369 1510 1410 latenter
1540 1369 1793 1411 instillant:

89 1443 187 1481 tum
219 1440 325 1496 quia
348 1441 562 1496 quicquid
593 1441 642 1482 in
676 1456 844 1495 eorum,
876 1456 989 1496 quae
1012 1440 1191 1497 scripsit
1215 1444 1358 1495 autor,
1386 1441 1533 1482 locum
1557 1440 1792 1496 sufficitur,

88 1510 167 1552 Vix
208 1512 464 1568 pertingere
503 1516 652 1568 potest
695 1512 752 1553 ad
790 1527 888 1553 eam
931 1512 1005 1555 vel
1038 1512 1350 1553 inuentionem
1392 1511 1467 1553 1101
1499 1511 1791 1567 latinitatem,

89 1595 203 1635 quae
233 1581 417 1623 caeteris
447 1582 726 1638 respondeat.
791 1582 938 1632 Quare
970 1583 1231 1624 huiusmodi
1263 1583 1532 1639 expurgatio
1564 1597 1657 1624 non
1687 1598 1790 1641 pro-

90 1651 237 1707 batur,
269 1652 359 1694 nisi
390 1668 492 1694 cum
525 1658 571 1694 et
603 1653 884 1709 paucissimis
917 1659 1031 1695 esset
1063 1653 1319 1695 adhibenda
1351 1653 1547 1707 voculis,
1588 1658 1633 1695 et
1672 1669 1790 1696 com-

88 1723 218 1765 mode
251 1728 297 1765 et
331 1739 432 1766 cum
465 1724 692 1780 dignitate
723 1725 940 1781 praestari
970 1730 1143 1781 posset:
1177 1725 1383 1781 alioquin
1415 1725 1615 1767 ineunda
1636 1726 1789 1782 potius

87 1795 269 1837 Videtur
301 1795 391 1837 alia
423 1796 643 1851 quaedam
675 1796 792 1838 ratio
823 1796 958 1852 longe
990 1796 1150 1852 aptior,
1184 1810 1346 1852 nempe
1367 1800 1420 1838 vt
1441 1810 1496 1837 ex
1517 1810 1608 1838 vno
1633 1797 1786 1853 aliquo

86 1870 254 1921 autore,
294 1866 423 1908 verbi
462 1867 611 1922 gratia
654 1867 868 1921 Horatio,
906 1868 1157 1923 seligantur
1187 1867 1403 1909 honestae
1434 1871 1615 1909 tantum
1649 1867 1786 1924 Odae,

86 1938 414 1993 praetermissis
467 1939 675 1995 turpibus
723 1939 960 1995 poematis.
1037 1939 1218 1980 Titulus
1267 1953 1375 1981 vero
1425 1938 1542 1980 libro
1593 1940 1785 1995 praefigi

86 2014 236 2065 posset
265 2009 548 2052 huiusmodi:
590 2010 764 2052 Selecta
796 2010 1019 2066 quaedam
1052 2024 1107 2051 ex
1138 2009 1345 2064 Horatio,
1384 2010 1457 2051 Vel
1495 2025 1548 2051 ex
1588 2010 1784 2066 Catullo,

85 2081 158 2122 vel
190 2096 244 2122 ex
275 2081 457 2122 Tibullo
491 2085 574 2123 etc.
639 2081 761 2130 Quin
793 2081 929 2123 etiam
954 2096 1008 2122 ex
1030 2080 1264 2138 poematis,
1298 2095 1491 2136 quorum
1513 2087 1784 2137 argumenta

86 2152 308 2194 obscoena
339 2157 467 2207 sunt,
510 2157 693 2210 possent
725 2152 774 2194 in
805 2167 948 2195 vnum
981 2152 1165 2208 aliquod
1196 2153 1411 2195 volumen
1443 2152 1598 2208 colligi
1629 2158 1783 2210 partes

84 2223 304 2279 quaedam
337 2224 628 2278 honestiores,
667 2223 706 2265 si
744 2239 770 2265 a
801 2239 881 2265 suo
912 2227 1009 2266 toto
1042 2227 1273 2280 separatae
1305 2223 1539 2265 cohaerere
1578 2229 1781 2281 possunt,

83 2299 135 2336 Vt
156 2295 377 2350 quaedam
398 2294 735 2350 similitudines,
765 2295 1029 2349 sententiae,
1058 2294 1316 2349 antitheseS,
1339 2295 1517 2350 adagia,
1542 2295 1780 2350 orationes,

82 2366 319 2421 palestrae,
360 2381 528 2420 cursus,
567 2366 888 2422 descriptiones
931 2366 1004 2409 vel
1036 2366 1289 2421 hortorum,
1333 2366 1409 2409 1101
1441 2366 1627 2408 orientis
1659 2368 1779 2423 solis,

81 2437 151 2479 vel
185 2452 425 2493 armorum,
456 2438 530 2480 vel
561 2437 910 2494 sepulchrorum,
940 2439 946 2493 1
973 2437 1049 2480 Vel
1070 2436 1263 2491 vrbium,
1298 2437 1371 2479 vel
1392 2436 1500 2478 anni
1522 2442 1777 2495 temporum
1801 2466 1828 2488 p.
1850 2458 1912 2483 205.

83 2512 166 2550 etc.
229 2509 395 2551 Eodem
431 2523 607 2566 quoque
639 2508 831 2551 conferri
866 2509 984 2551 nihil
1014 2507 1224 2565 prohibet
1261 2512 1360 2550 tum
1390 2508 1670 2551 honestiores
1700 2510 1781 2551 ali-

83 2594 193 2635 quas
224 2579 452 2636 Epistolas
483 2581 756 2635 Heroidum,
803 2581 878 2622 vel
908 2579 1090 2636 Elegias
1121 2578 1315 2633 Tibulli,
1357 2579 1600 2636 Propertij,
1642 2581 1779 2637 Galli,

82 2654 180 2692 tum
211 2651 557 2708 Epigrammata
596 2667 672 2693 seu
702 2651 987 2694 Emblemata
1017 2665 1071 2691 ex
1104 2650 1266 2703 Gellio,
1300 2650 1522 2705 Atheneo,
1561 2652 1778 2708 Ausonio,

83 2721 310 2764 Pausania
341 2726 439 2777 0130,
472 2726 570 2765 tum
602 2723 776 2778 aliquas
796 2721 992 2778 Terentij
1025 2722 1099 2765 vel
1121 2720 1277 2763 Plauti
1307 2735 1399 2762 non
1416 2721 1682 2778 comoedias,
1702 2723 1779 2765 sed

82 2793 343 2848 sententiaS,
389 2794 463 2836 vel
511 2808 717 2836 scaenam
771 2794 972 2850 aliquam
1017 2792 1319 2836 honestiorem
1358 2807 1459 2834 cum
1501 2792 1586 2834 hac
1621 2793 1779 2835 inscri-

82 2863 263 2919 ptione:
314 2864 566 2907 Gollocutio
612 2864 808 2907 Simonis
855 2868 899 2906 et
943 2864 1112 2918 Sosiae,
1158 2863 1233 2905 vel
1266 2863 1519 2905 Chremetis
1551 2868 1597 2905 et
1627 2865 1778 2906 Mene-

83 2933 202 2976 demi
235 2939 321 2979 etc.

222 3010 263 3050 4.
295 3006 368 3047 Ad
399 3006 509 3047 haec
540 3006 686 3047 multa
718 3011 824 3047 sunt
844 3006 894 3047 in
915 3004 1274 3047 Humanioribus
1295 3004 1456 3060 studijs
1479 3005 1775 3060 obseruanda,

82 3089 208 3130 quae,
243 3077 457 3132 quoniam
490 3092 573 3117 nec
590 3077 966 3133 Praeceptoribus
998 3080 1131 3119 vacat
1162 3076 1403 3132 explicare,
1435 3091 1518 3117 nec
1550 3076 1776 3117 auditores

1430 3159 1495 3192 12*
