<?xml version="1.0" encoding="UTF-8"?>
<!DOCTYPE html PUBLIC "-//W3C//DTD XHTML 1.0 Transitional//EN"
    "http://www.w3.org/TR/xhtml1/DTD/xhtml1-transitional.dtd">
<html xmlns="http://www.w3.org/1999/xhtml" xml:lang="en" lang="en">
 <head>
  <title>
</title>
<meta http-equiv="Content-Type" content="text/html;charset=utf-8" />
  <meta name='ocr-system' content='tesseract 3.04.00' />
  <meta name='ocr-capabilities' content='ocr_page ocr_carea ocr_par ocr_line ocrx_word'/>
</head>
<body>
  <div class='ocr_page' id='page_1' title='image "./ratiostudiorumet05jesu_0070.png"; bbox 0 0 2084 3441; ppageno 0'>
   <div class='ocr_carea' id='block_1_1' title="bbox 280 168 1809 218">
    <p class='ocr_par' dir='ltr' id='par_1_1' title="bbox 280 168 1809 218">
     <span class='ocr_line' id='line_1_1' title="bbox 280 168 1809 218; baseline 0.005 -7"><span class='ocrx_word' id='word_1_1' title='bbox 280 168 338 211; x_wconf 87' lang='grc'>54</span> <span class='ocrx_word' id='word_1_2' title='bbox 453 177 564 213; x_wconf 82' lang='lat' dir='ltr'><strong>Ratio</strong></span> <span class='ocrx_word' id='word_1_3' title='bbox 591 178 800 215; x_wconf 82' lang='lat' dir='ltr'>studiorum</span> <span class='ocrx_word' id='word_1_4' title='bbox 826 183 864 215; x_wconf 90' lang='lat' dir='ltr'>et</span> <span class='ocrx_word' id='word_1_5' title='bbox 887 179 1142 217; x_wconf 79' lang='lat' dir='ltr'><strong>institutiones</strong></span> <span class='ocrx_word' id='word_1_6' title='bbox 1168 181 1410 217; x_wconf 76' lang='lat' dir='ltr'><strong>scholasticae</strong></span> <span class='ocrx_word' id='word_1_7' title='bbox 1435 181 1631 218; x_wconf 86' lang='lat' dir='ltr'>Societatis</span> <span class='ocrx_word' id='word_1_8' title='bbox 1656 182 1746 218; x_wconf 84' lang='lat' dir='ltr'>Jesu</span> <span class='ocrx_word' id='word_1_9' title='bbox 1769 182 1809 218; x_wconf 93' lang='lat' dir='ltr'>II</span> 
     </span>
    </p>
   </div>
   <div class='ocr_carea' id='block_1_2' title="bbox 280 295 1982 927">
    <p class='ocr_par' dir='ltr' id='par_1_2' title="bbox 280 295 1982 927">
     <span class='ocr_line' id='line_1_2' title="bbox 281 295 1975 356; baseline 0.002 -19"><span class='ocrx_word' id='word_1_10' title='bbox 281 295 535 351; x_wconf 88' lang='lat' dir='ltr'>efficientia,</span> <span class='ocrx_word' id='word_1_11' title='bbox 577 296 801 353; x_wconf 89' lang='lat' dir='ltr'>libertate,</span> <span class='ocrx_word' id='word_1_12' title='bbox 841 297 1082 354; x_wconf 89' lang='lat' dir='ltr'>infinitate,</span> <span class='ocrx_word' id='word_1_13' title='bbox 1121 299 1308 356; x_wconf 83' lang='lat' dir='ltr'>alijsque</span> <span class='ocrx_word' id='word_1_14' title='bbox 1345 299 1395 342; x_wconf 90' lang='lat' dir='ltr'>id</span> <span class='ocrx_word' id='word_1_15' title='bbox 1433 315 1574 356; x_wconf 87' lang='lat' dir='ltr'>genus</span> <span class='ocrx_word' id='word_1_16' title='bbox 1613 299 1975 343; x_wconf 87' lang='lat' dir='ltr'>demonstrandis</span> 
     </span>
     <span class='ocr_line' id='line_1_3' title="bbox 281 368 1974 428; baseline 0.003 -20"><span class='ocrx_word' id='word_1_17' title='bbox 281 370 555 409; x_wconf 88' lang='lat' dir='ltr'>statuuntur.</span> <span class='ocrx_word' id='word_1_18' title='bbox 618 368 794 411; x_wconf 89' lang='lat' dir='ltr'>Horum</span> <span class='ocrx_word' id='word_1_19' title='bbox 831 384 1026 425; x_wconf 90' lang='lat' dir='ltr'>namque</span> <span class='ocrx_word' id='word_1_20' title='bbox 1064 369 1388 413; x_wconf 67' lang='lat' dir='ltr'>demonstratio</span> <span class='ocrx_word' id='word_1_21' title='bbox 1425 370 1531 413; x_wconf 89' lang='lat' dir='ltr'>licet</span> <span class='ocrx_word' id='word_1_22' title='bbox 1561 370 1619 413; x_wconf 92' lang='lat' dir='ltr'>ad</span> <span class='ocrx_word' id='word_1_23' title='bbox 1649 370 1974 428; x_wconf 84' lang='lat' dir='ltr'>Philosophum</span> 
     </span>
     <span class='ocr_line' id='line_1_4' title="bbox 282 438 1977 498; baseline 0.003 -19"><span class='ocrx_word' id='word_1_24' title='bbox 282 451 458 493; x_wconf 87' lang='lat' dir='ltr'>quoque</span> <span class='ocrx_word' id='word_1_25' title='bbox 498 438 736 495; x_wconf 87' lang='lat' dir='ltr'>pertineat,</span> <span class='ocrx_word' id='word_1_26' title='bbox 780 439 887 496; x_wconf 90' lang='lat' dir='ltr'>quia</span> <span class='ocrx_word' id='word_1_27' title='bbox 927 444 1080 482; x_wconf 88' lang='lat' dir='ltr'>tamen</span> <span class='ocrx_word' id='word_1_28' title='bbox 1117 440 1166 483; x_wconf 91' lang='lat' dir='ltr'>id</span> <span class='ocrx_word' id='word_1_29' title='bbox 1210 456 1310 483; x_wconf 90' lang='lat' dir='ltr'>raro</span> <span class='ocrx_word' id='word_1_30' title='bbox 1357 440 1470 484; x_wconf 81' lang='lat' dir='ltr'>facit</span> <span class='ocrx_word' id='word_1_31' title='bbox 1512 442 1716 484; x_wconf 88' lang='lat' dir='ltr'>exclusus</span> <span class='ocrx_word' id='word_1_32' title='bbox 1764 441 1977 498; x_wconf 86' lang='lat' dir='ltr'>angustia</span> 
     </span>
     <span class='ocr_line' id='line_1_5' title="bbox 281 509 1978 568; baseline 0.004 -18"><span class='ocrx_word' id='word_1_33' title='bbox 281 509 513 567; x_wconf 75' lang='lat' dir='ltr'>temporie,</span> <span class='ocrx_word' id='word_1_34' title='bbox 553 513 597 551; x_wconf 88' lang='lat' dir='ltr'>et</span> <span class='ocrx_word' id='word_1_35' title='bbox 636 509 892 566; x_wconf 84' lang='lat' dir='ltr'>Theologus</span> <span class='ocrx_word' id='word_1_36' title='bbox 935 525 1033 552; x_wconf 93' lang='lat' dir='ltr'>eam</span> <span class='ocrx_word' id='word_1_37' title='bbox 1072 515 1251 568; x_wconf 87' lang='lat' dir='ltr'>partem</span> <span class='ocrx_word' id='word_1_38' title='bbox 1290 512 1449 555; x_wconf 90' lang='lat' dir='ltr'>iandiu</span> <span class='ocrx_word' id='word_1_39' title='bbox 1487 513 1575 555; x_wconf 90' lang='lat' dir='ltr'>sibi</span> <span class='ocrx_word' id='word_1_40' title='bbox 1613 511 1893 568; x_wconf 88' lang='lat' dir='ltr'>vendicauit,</span> <span class='ocrx_word' id='word_1_41' title='bbox 1924 516 1978 556; x_wconf 86' lang='lat' dir='ltr'>vt</span> 
     </span>
     <span class='ocr_line' id='line_1_6' title="bbox 280 578 1978 640; baseline 0.002 -18"><span class='ocrx_word' id='word_1_42' title='bbox 280 578 491 622; x_wconf 82' lang='lat' dir='ltr'>idoneam</span> <span class='ocrx_word' id='word_1_43' title='bbox 521 580 571 622; x_wconf 90' lang='lat' dir='ltr'>in</span> <span class='ocrx_word' id='word_1_44' title='bbox 601 580 759 638; x_wconf 88' lang='lat' dir='ltr'>primis</span> <span class='ocrx_word' id='word_1_45' title='bbox 792 581 848 624; x_wconf 89' lang='lat' dir='ltr'>ad</span> <span class='ocrx_word' id='word_1_46' title='bbox 880 582 1208 638; x_wconf 81' lang='lat' dir='ltr'>expugnandos</span> <span class='ocrx_word' id='word_1_47' title='bbox 1238 583 1509 640; x_wconf 88' lang='lat' dir='ltr'>Atheismos,</span> <span class='ocrx_word' id='word_1_48' title='bbox 1543 584 1622 640; x_wconf 91' lang='lat' dir='ltr'>qui</span> <span class='ocrx_word' id='word_1_49' title='bbox 1648 584 1767 626; x_wconf 86' lang='lat' dir='ltr'>inter</span> <span class='ocrx_word' id='word_1_50' title='bbox 1786 583 1978 626; x_wconf 88' lang='lat' dir='ltr'>haereti-</span> 
     </span>
     <span class='ocr_line' id='line_1_7' title="bbox 281 651 1978 713; baseline 0.004 -21"><span class='ocrx_word' id='word_1_51' title='bbox 281 665 355 692; x_wconf 91' lang='lat' dir='ltr'>cos</span> <span class='ocrx_word' id='word_1_52' title='bbox 388 655 433 693; x_wconf 91' lang='lat' dir='ltr'>et</span> <span class='ocrx_word' id='word_1_53' title='bbox 467 651 683 707; x_wconf 89' lang='lat' dir='ltr'>quosdam</span> <span class='ocrx_word' id='word_1_54' title='bbox 714 652 816 709; x_wconf 90' lang='lat' dir='ltr'>plus</span> <span class='ocrx_word' id='word_1_55' title='bbox 847 652 989 695; x_wconf 89' lang='lat' dir='ltr'>nimio</span> <span class='ocrx_word' id='word_1_56' title='bbox 1021 653 1321 711; x_wconf 89' lang='lat' dir='ltr'>Philosophos</span> <span class='ocrx_word' id='word_1_57' title='bbox 1351 669 1444 698; x_wconf 89' lang='lat' dir='ltr'>non</span> <span class='ocrx_word' id='word_1_58' title='bbox 1474 669 1634 713; x_wconf 90' lang='lat' dir='ltr'>parum</span> <span class='ocrx_word' id='word_1_59' title='bbox 1664 670 1787 698; x_wconf 90' lang='lat' dir='ltr'>nunc</span> <span class='ocrx_word' id='word_1_60' title='bbox 1818 654 1978 698; x_wconf 87' lang='lat' dir='ltr'>debac-</span> 
     </span>
     <span class='ocr_line' id='line_1_8' title="bbox 282 721 1979 783; baseline 0.004 -20"><span class='ocrx_word' id='word_1_61' title='bbox 282 721 488 777; x_wconf 88' lang='lat' dir='ltr'>chantur,</span> <span class='ocrx_word' id='word_1_62' title='bbox 528 737 686 779; x_wconf 87' lang='lat' dir='ltr'>operae</span> <span class='ocrx_word' id='word_1_63' title='bbox 729 723 924 780; x_wconf 88' lang='lat' dir='ltr'>pretium</span> <span class='ocrx_word' id='word_1_64' title='bbox 964 723 1053 766; x_wconf 84' lang='lat' dir='ltr'>fuit</span> <span class='ocrx_word' id='word_1_65' title='bbox 1090 725 1321 782; x_wconf 88' lang='lat' dir='ltr'>imponere</span> <span class='ocrx_word' id='word_1_66' title='bbox 1353 727 1600 783; x_wconf 84' lang='lat' dir='ltr'>Theologo,</span> <span class='ocrx_word' id='word_1_67' title='bbox 1631 730 1684 770; x_wconf 89' lang='lat' dir='ltr'>vt</span> <span class='ocrx_word' id='word_1_68' title='bbox 1714 741 1766 769; x_wconf 85' lang='lat' dir='ltr'>ea</span> <span class='ocrx_word' id='word_1_69' title='bbox 1797 725 1979 769; x_wconf 91' lang='lat' dir='ltr'>demon-</span> 
     </span>
     <span class='ocr_line' id='line_1_9' title="bbox 282 792 1980 855; baseline 0.005 -22"><span class='ocrx_word' id='word_1_70' title='bbox 282 792 415 834; x_wconf 89' lang='lat' dir='ltr'>strari</span> <span class='ocrx_word' id='word_1_71' title='bbox 446 807 573 850; x_wconf 87' lang='lat' dir='ltr'>posse</span> <span class='ocrx_word' id='word_1_72' title='bbox 605 807 696 835; x_wconf 91' lang='lat' dir='ltr'>non</span> <span class='ocrx_word' id='word_1_73' title='bbox 729 793 937 851; x_wconf 82' lang='lat' dir='ltr'>abneget,</span> <span class='ocrx_word' id='word_1_74' title='bbox 969 794 1105 851; x_wconf 90' lang='lat' dir='ltr'>idque</span> <span class='ocrx_word' id='word_1_75' title='bbox 1134 802 1360 854; x_wconf 86' lang='lat' dir='ltr'>praestare</span> <span class='ocrx_word' id='word_1_76' title='bbox 1380 798 1570 853; x_wconf 87' lang='lat' dir='ltr'>nitatur,</span> <span class='ocrx_word' id='word_1_77' title='bbox 1594 813 1696 841; x_wconf 87' lang='lat' dir='ltr'>cum</span> <span class='ocrx_word' id='word_1_78' title='bbox 1717 797 1980 855; x_wconf 88' lang='lat' dir='ltr'>praesertim</span> 
     </span>
     <span class='ocr_line' id='line_1_10' title="bbox 280 864 1982 927; baseline 0.004 -22"><span class='ocrx_word' id='word_1_79' title='bbox 280 864 470 906; x_wconf 85' lang='lat' dir='ltr'>Nostros</span> <span class='ocrx_word' id='word_1_80' title='bbox 502 878 593 905; x_wconf 89' lang='lat' dir='ltr'>esse</span> <span class='ocrx_word' id='word_1_81' title='bbox 624 869 831 921; x_wconf 86' lang='lat' dir='ltr'>oporteat</span> <span class='ocrx_word' id='word_1_82' title='bbox 862 865 1089 909; x_wconf 87' lang='lat' dir='ltr'>absimiles</span> <span class='ocrx_word' id='word_1_83' title='bbox 1120 867 1189 923; x_wconf 82' lang='lat' dir='ltr'>ijs,</span> <span class='ocrx_word' id='word_1_84' title='bbox 1222 868 1301 924; x_wconf 88' lang='lat' dir='ltr'>qui</span> <span class='ocrx_word' id='word_1_85' title='bbox 1329 868 1415 911; x_wconf 89' lang='lat' dir='ltr'>sibi</span> <span class='ocrx_word' id='word_1_86' title='bbox 1447 869 1670 926; x_wconf 88' lang='lat' dir='ltr'>sapientes</span> <span class='ocrx_word' id='word_1_87' title='bbox 1699 873 1744 911; x_wconf 89' lang='lat' dir='ltr'>et</span> <span class='ocrx_word' id='word_1_88' title='bbox 1778 869 1982 927; x_wconf 80' lang='lat' dir='ltr'>peracuti</span> 
     </span>
    </p>
   </div>
   <div class='ocr_carea' id='block_1_3' title="bbox 191 934 1982 996">
    <p class='ocr_par' dir='ltr' id='par_1_3' title="bbox 191 934 1982 996">
     <span class='ocr_line' id='line_1_11' title="bbox 191 934 1982 996; baseline 0.003 -18"><span class='ocrx_word' id='word_1_89' title='bbox 191 971 197 978; x_wconf 93' lang='lat'><strong><em>.</em></strong></span> <span class='ocrx_word' id='word_1_90' title='bbox 256 938 383 977; x_wconf 79' lang='lat' dir='ltr'>‚tum</span> <span class='ocrx_word' id='word_1_91' title='bbox 415 934 606 991; x_wconf 89' lang='lat' dir='ltr'>denique</span> <span class='ocrx_word' id='word_1_92' title='bbox 637 935 862 992; x_wconf 82' lang='lat' dir='ltr'>Videntur,</span> <span class='ocrx_word' id='word_1_93' title='bbox 895 951 1011 992; x_wconf 87' lang='lat' dir='ltr'>cum,</span> <span class='ocrx_word' id='word_1_94' title='bbox 1040 939 1046 993; x_wconf 82' lang='grc' dir='ltr'>Ι</span> <span class='ocrx_word' id='word_1_95' title='bbox 1074 953 1187 994; x_wconf 89' lang='lat' dir='ltr'>quae</span> <span class='ocrx_word' id='word_1_96' title='bbox 1219 939 1273 982; x_wconf 91' lang='lat' dir='ltr'>de</span> <span class='ocrx_word' id='word_1_97' title='bbox 1304 940 1400 982; x_wconf 91' lang='lat' dir='ltr'>Deo</span> <span class='ocrx_word' id='word_1_98' title='bbox 1433 940 1758 996; x_wconf 89' lang='lat' dir='ltr'>cognoscimus,</span> <span class='ocrx_word' id='word_1_99' title='bbox 1792 940 1982 983; x_wconf 88' lang='lat' dir='ltr'>obscura</span> 
     </span>
    </p>
   </div>
   <div class='ocr_carea' id='block_1_4' title="bbox 279 1006 1985 2639">
    <p class='ocr_par' dir='ltr' id='par_1_4' title="bbox 279 1006 1985 1766">
     <span class='ocr_line' id='line_1_12' title="bbox 281 1006 1982 1067; baseline 0.003 -20"><span class='ocrx_word' id='word_1_100' title='bbox 281 1020 373 1048; x_wconf 91' lang='lat' dir='ltr'>esse</span> <span class='ocrx_word' id='word_1_101' title='bbox 414 1006 580 1061; x_wconf 88' lang='lat' dir='ltr'>omnia,</span> <span class='ocrx_word' id='word_1_102' title='bbox 625 1007 747 1049; x_wconf 91' lang='lat' dir='ltr'>nuda</span> <span class='ocrx_word' id='word_1_103' title='bbox 790 1007 902 1051; x_wconf 84' lang='lat' dir='ltr'>Fide</span> <span class='ocrx_word' id='word_1_104' title='bbox 944 1008 1048 1064; x_wconf 90' lang='lat' dir='ltr'>niti,</span> <span class='ocrx_word' id='word_1_105' title='bbox 1104 1009 1392 1067; x_wconf 84' lang='lat' dir='ltr'>inexplorata</span> <span class='ocrx_word' id='word_1_106' title='bbox 1436 1011 1639 1054; x_wconf 87' lang='lat' dir='ltr'>sensibus</span> <span class='ocrx_word' id='word_1_107' title='bbox 1680 1015 1725 1053; x_wconf 92' lang='lat' dir='ltr'>et</span> <span class='ocrx_word' id='word_1_108' title='bbox 1772 1009 1982 1067; x_wconf 88' lang='lat' dir='ltr'>ingenijs,</span> 
     </span>
     <span class='ocr_line' id='line_1_13' title="bbox 281 1076 1982 1139; baseline 0.004 -21"><span class='ocrx_word' id='word_1_109' title='bbox 281 1076 547 1133; x_wconf 82' lang='lat' dir='ltr'>delitescere,</span> <span class='ocrx_word' id='word_1_110' title='bbox 581 1077 925 1135; x_wconf 88' lang='lat' dir='ltr'>disputauerint,</span> <span class='ocrx_word' id='word_1_111' title='bbox 960 1080 1125 1123; x_wconf 90' lang='lat' dir='ltr'>euersis</span> <span class='ocrx_word' id='word_1_112' title='bbox 1149 1082 1287 1124; x_wconf 88' lang='lat' dir='ltr'>etiam</span> <span class='ocrx_word' id='word_1_113' title='bbox 1307 1082 1563 1125; x_wconf 90' lang='lat' dir='ltr'>rationibus</span> <span class='ocrx_word' id='word_1_114' title='bbox 1585 1081 1795 1139; x_wconf 81' lang='lat' dir='ltr'>egregijS,</span> <span class='ocrx_word' id='word_1_115' title='bbox 1817 1082 1982 1139; x_wconf 83' lang='lat' dir='ltr'>quibus</span> 
     </span>
     <span class='ocr_line' id='line_1_14' title="bbox 282 1148 1984 1210; baseline 0.003 -20"><span class='ocrx_word' id='word_1_116' title='bbox 282 1163 334 1190; x_wconf 90' lang='lat' dir='ltr'>ea</span> <span class='ocrx_word' id='word_1_117' title='bbox 370 1148 622 1206; x_wconf 84' lang='lat' dir='ltr'>probantur</span> <span class='ocrx_word' id='word_1_118' title='bbox 662 1165 687 1192; x_wconf 95' lang='lat' dir='ltr'>a</span> <span class='ocrx_word' id='word_1_119' title='bbox 726 1150 924 1196; x_wconf 71' lang='lat' dir='ltr'>caeteris</span> <span class='ocrx_word' id='word_1_120' title='bbox 989 1151 1078 1202; x_wconf 79' lang='lat' dir='ltr'>Qui</span> <span class='ocrx_word' id='word_1_121' title='bbox 1116 1156 1272 1196; x_wconf 89' lang='lat' dir='ltr'>tamen</span> <span class='ocrx_word' id='word_1_122' title='bbox 1304 1169 1404 1196; x_wconf 89' lang='lat' dir='ltr'>cum</span> <span class='ocrx_word' id='word_1_123' title='bbox 1437 1169 1517 1197; x_wconf 90' lang='lat' dir='ltr'>sua</span> <span class='ocrx_word' id='word_1_124' title='bbox 1549 1154 1771 1210; x_wconf 88' lang='lat' dir='ltr'>quaedam</span> <span class='ocrx_word' id='word_1_125' title='bbox 1802 1153 1984 1196; x_wconf 89' lang='lat' dir='ltr'>demon-</span> 
     </span>
     <span class='ocr_line' id='line_1_15' title="bbox 281 1219 1985 1279; baseline 0.002 -18"><span class='ocrx_word' id='word_1_126' title='bbox 281 1224 422 1266; x_wconf 81' lang='lat' dir='ltr'>strare</span> <span class='ocrx_word' id='word_1_127' title='bbox 454 1235 499 1262; x_wconf 90' lang='lat' dir='ltr'>se</span> <span class='ocrx_word' id='word_1_128' title='bbox 530 1219 718 1274; x_wconf 82' lang='lat' dir='ltr'>iactant,</span> <span class='ocrx_word' id='word_1_129' title='bbox 751 1221 868 1264; x_wconf 89' lang='lat' dir='ltr'>nihil</span> <span class='ocrx_word' id='word_1_130' title='bbox 900 1223 1156 1279; x_wconf 81' lang='lat' dir='ltr'>excogitare</span> <span class='ocrx_word' id='word_1_131' title='bbox 1198 1224 1346 1266; x_wconf 89' lang='lat' dir='ltr'>solent</span> <span class='ocrx_word' id='word_1_132' title='bbox 1377 1224 1550 1267; x_wconf 87' lang='lat' dir='ltr'>firmius</span> <span class='ocrx_word' id='word_1_133' title='bbox 1591 1224 1750 1267; x_wconf 88' lang='lat' dir='ltr'>alienis</span> <span class='ocrx_word' id='word_1_134' title='bbox 1794 1222 1985 1266; x_wconf 88' lang='lat' dir='ltr'>rationi-</span> 
     </span>
     <span class='ocr_line' id='line_1_16' title="bbox 285 1290 1984 1352; baseline 0.003 -20"><span class='ocrx_word' id='word_1_135' title='bbox 285 1290 378 1346; x_wconf 86' lang='lat' dir='ltr'>bus,</span> <span class='ocrx_word' id='word_1_136' title='bbox 423 1306 533 1347; x_wconf 89' lang='lat' dir='ltr'>quas</span> <span class='ocrx_word' id='word_1_137' title='bbox 578 1291 982 1347; x_wconf 82' lang='lat' dir='ltr'>labefactauerant3</span> <span class='ocrx_word' id='word_1_138' title='bbox 1022 1309 1154 1352; x_wconf 89' lang='lat' dir='ltr'>porro</span> <span class='ocrx_word' id='word_1_139' title='bbox 1198 1295 1315 1338; x_wconf 87' lang='lat' dir='ltr'>sicut</span> <span class='ocrx_word' id='word_1_140' title='bbox 1352 1296 1618 1338; x_wconf 85' lang='lat' dir='ltr'>temerariae</span> <span class='ocrx_word' id='word_1_141' title='bbox 1657 1294 1879 1338; x_wconf 87' lang='lat' dir='ltr'>vanitatis</span> <span class='ocrx_word' id='word_1_142' title='bbox 1918 1298 1984 1337; x_wconf 90' lang='lat' dir='ltr'>est</span> 
     </span>
     <span class='ocr_line' id='line_1_17' title="bbox 281 1361 1984 1424; baseline 0.004 -21"><span class='ocrx_word' id='word_1_143' title='bbox 281 1361 691 1406; x_wconf 86' lang='lat' dir='ltr'>demonstrationes</span> <span class='ocrx_word' id='word_1_144' title='bbox 722 1364 925 1421; x_wconf 87' lang='lat' dir='ltr'>polliceri</span> <span class='ocrx_word' id='word_1_145' title='bbox 956 1365 1005 1407; x_wconf 91' lang='lat' dir='ltr'>in</span> <span class='ocrx_word' id='word_1_146' title='bbox 1037 1365 1093 1422; x_wconf 82' lang='lat' dir='ltr'>ijs</span> <span class='ocrx_word' id='word_1_147' title='bbox 1125 1366 1277 1422; x_wconf 90' lang='lat' dir='ltr'>etiam,</span> <span class='ocrx_word' id='word_1_148' title='bbox 1309 1382 1423 1424; x_wconf 88' lang='lat' dir='ltr'>quae</span> <span class='ocrx_word' id='word_1_149' title='bbox 1455 1382 1537 1410; x_wconf 89' lang='lat' dir='ltr'>nec</span> <span class='ocrx_word' id='word_1_150' title='bbox 1569 1367 1725 1410; x_wconf 88' lang='lat' dir='ltr'>oculus</span> <span class='ocrx_word' id='word_1_151' title='bbox 1746 1366 1879 1422; x_wconf 88' lang='lat' dir='ltr'>vidit,</span> <span class='ocrx_word' id='word_1_152' title='bbox 1901 1381 1984 1409; x_wconf 87' lang='lat' dir='ltr'>nec</span> 
     </span>
     <span class='ocr_line' id='line_1_18' title="bbox 280 1435 1985 1494; baseline 0.002 -17"><span class='ocrx_word' id='word_1_153' title='bbox 280 1435 402 1478; x_wconf 87' lang='lat' dir='ltr'>auris</span> <span class='ocrx_word' id='word_1_154' title='bbox 443 1435 634 1490; x_wconf 89' lang='lat' dir='ltr'>audiuit,</span> <span class='ocrx_word' id='word_1_155' title='bbox 674 1450 757 1478; x_wconf 92' lang='lat' dir='ltr'>nec</span> <span class='ocrx_word' id='word_1_156' title='bbox 796 1436 845 1478; x_wconf 92' lang='lat' dir='ltr'>in</span> <span class='ocrx_word' id='word_1_157' title='bbox 890 1450 965 1479; x_wconf 89' lang='lat' dir='ltr'>cor</span> <span class='ocrx_word' id='word_1_158' title='bbox 1009 1436 1208 1480; x_wconf 89' lang='lat' dir='ltr'>hominis</span> <span class='ocrx_word' id='word_1_159' title='bbox 1249 1438 1561 1494; x_wconf 89' lang='lat' dir='ltr'>ascenderunt,</span> <span class='ocrx_word' id='word_1_160' title='bbox 1602 1438 1680 1481; x_wconf 90' lang='lat' dir='ltr'>sed</span> <span class='ocrx_word' id='word_1_161' title='bbox 1712 1441 1985 1481; x_wconf 88' lang='lat' dir='ltr'>annuntiata</span> 
     </span>
     <span class='ocr_line' id='line_1_19' title="bbox 280 1506 1983 1565; baseline 0 -14"><span class='ocrx_word' id='word_1_162' title='bbox 280 1510 386 1551; x_wconf 88' lang='lat' dir='ltr'>sunt</span> <span class='ocrx_word' id='word_1_163' title='bbox 417 1506 550 1549; x_wconf 84' lang='lat' dir='ltr'>nobis</span> <span class='ocrx_word' id='word_1_164' title='bbox 581 1511 763 1549; x_wconf 84' lang='lat' dir='ltr'>tantum</span> <span class='ocrx_word' id='word_1_165' title='bbox 795 1508 971 1565; x_wconf 82' lang='lat' dir='ltr'>Spiritu</span> <span class='ocrx_word' id='word_1_166' title='bbox 1004 1510 1172 1553; x_wconf 85' lang='lat' dir='ltr'>Sancto</span> <span class='ocrx_word' id='word_1_167' title='bbox 1204 1509 1339 1552; x_wconf 90' lang='lat' dir='ltr'>misso</span> <span class='ocrx_word' id='word_1_168' title='bbox 1370 1510 1424 1553; x_wconf 90' lang='lat' dir='ltr'>de</span> <span class='ocrx_word' id='word_1_169' title='bbox 1444 1510 1590 1553; x_wconf 89' lang='lat' dir='ltr'>coelo:</span> <span class='ocrx_word' id='word_1_170' title='bbox 1613 1510 1679 1552; x_wconf 90' lang='lat' dir='ltr'>ita</span> <span class='ocrx_word' id='word_1_171' title='bbox 1699 1509 1825 1552; x_wconf 90' lang='lat' dir='ltr'>rudis</span> <span class='ocrx_word' id='word_1_172' title='bbox 1847 1513 1983 1565; x_wconf 90' lang='lat' dir='ltr'>atque</span> 
     </span>
     <span class='ocr_line' id='line_1_20' title="bbox 279 1578 1982 1639; baseline 0.001 -17"><span class='ocrx_word' id='word_1_173' title='bbox 279 1578 453 1622; x_wconf 87' lang='lat' dir='ltr'>hebetis</span> <span class='ocrx_word' id='word_1_174' title='bbox 484 1578 655 1635; x_wconf 85' lang='lat' dir='ltr'>ingenij</span> <span class='ocrx_word' id='word_1_175' title='bbox 689 1583 755 1621; x_wconf 88' lang='lat' dir='ltr'>est</span> <span class='ocrx_word' id='word_1_176' title='bbox 786 1579 938 1623; x_wconf 88' lang='lat' dir='ltr'>videre</span> <span class='ocrx_word' id='word_1_177' title='bbox 969 1595 1061 1623; x_wconf 90' lang='lat' dir='ltr'>non</span> <span class='ocrx_word' id='word_1_178' title='bbox 1093 1597 1220 1639; x_wconf 85' lang='lat' dir='ltr'>posse</span> <span class='ocrx_word' id='word_1_179' title='bbox 1253 1581 1548 1625; x_wconf 89' lang='lat' dir='ltr'>clarissimam</span> <span class='ocrx_word' id='word_1_180' title='bbox 1580 1582 1726 1625; x_wconf 88' lang='lat' dir='ltr'>lucem</span> <span class='ocrx_word' id='word_1_181' title='bbox 1758 1596 1809 1624; x_wconf 90' lang='lat' dir='ltr'>ac</span> <span class='ocrx_word' id='word_1_182' title='bbox 1839 1580 1982 1624; x_wconf 89' lang='lat' dir='ltr'>subti-</span> 
     </span>
     <span class='ocr_line' id='line_1_21' title="bbox 280 1651 1982 1709; baseline 0.002 -17"><span class='ocrx_word' id='word_1_183' title='bbox 280 1651 459 1693; x_wconf 88' lang='lat' dir='ltr'>litatem</span> <span class='ocrx_word' id='word_1_184' title='bbox 492 1655 876 1708; x_wconf 88' lang='lat' dir='ltr'>argumentorum,</span> <span class='ocrx_word' id='word_1_185' title='bbox 911 1652 1075 1709; x_wconf 87' lang='lat' dir='ltr'>quibus</span> <span class='ocrx_word' id='word_1_186' title='bbox 1107 1654 1252 1696; x_wconf 90' lang='lat' dir='ltr'>multa</span> <span class='ocrx_word' id='word_1_187' title='bbox 1284 1653 1338 1696; x_wconf 85' lang='lat' dir='ltr'>de</span> <span class='ocrx_word' id='word_1_188' title='bbox 1369 1654 1466 1696; x_wconf 91' lang='lat' dir='ltr'>Deo</span> <span class='ocrx_word' id='word_1_189' title='bbox 1500 1656 1711 1696; x_wconf 87' lang='lat' dir='ltr'>constans</span> <span class='ocrx_word' id='word_1_190' title='bbox 1733 1652 1982 1709; x_wconf 85' lang='lat' dir='ltr'>Theologo-</span> 
     </span>
     <span class='ocr_line' id='line_1_22' title="bbox 280 1721 896 1766; baseline 0.003 -2"><span class='ocrx_word' id='word_1_191' title='bbox 280 1736 381 1765; x_wconf 90' lang='lat' dir='ltr'>rum</span> <span class='ocrx_word' id='word_1_192' title='bbox 414 1721 569 1764; x_wconf 88' lang='lat' dir='ltr'>schola</span> <span class='ocrx_word' id='word_1_193' title='bbox 601 1722 896 1766; x_wconf 87' lang='lat' dir='ltr'>demonstrat.</span> 
     </span>
    </p>

    <p class='ocr_par' dir='ltr' id='par_1_5' title="bbox 282 1793 1985 2639">
     <span class='ocr_line' id='line_1_23' title="bbox 427 1793 1982 1852; baseline 0.002 -17"><span class='ocrx_word' id='word_1_194' title='bbox 427 1793 613 1849; x_wconf 88' lang='lat' dir='ltr'>„Aliae</span> <span class='ocrx_word' id='word_1_195' title='bbox 658 1794 814 1837; x_wconf 84' lang='lat' dir='ltr'>iuxta</span> <span class='ocrx_word' id='word_1_196' title='bbox 863 1796 906 1839; x_wconf 82' lang='lat' dir='ltr'>S.</span> <span class='ocrx_word' id='word_1_197' title='bbox 943 1796 1178 1839; x_wconf 84' lang='lat' dir='ltr'>Thomae</span> <span class='ocrx_word' id='word_1_198' title='bbox 1224 1800 1454 1839; x_wconf 88' lang='lat' dir='ltr'>mentem</span> <span class='ocrx_word' id='word_1_199' title='bbox 1505 1795 1804 1850; x_wconf 87' lang='lat' dir='ltr'>definitae;</span> <span class='ocrx_word' id='word_1_200' title='bbox 1846 1810 1982 1852; x_wconf 86' lang='lat' dir='ltr'>quae</span> 
     </span>
     <span class='ocr_line' id='line_1_24' title="bbox 283 1865 1983 1926; baseline 0.001 -19"><span class='ocrx_word' id='word_1_201' title='bbox 283 1870 466 1908; x_wconf 87' lang='lat' dir='ltr'>tamen</span> <span class='ocrx_word' id='word_1_202' title='bbox 507 1865 571 1908; x_wconf 91' lang='lat' dir='ltr'>ab</span> <span class='ocrx_word' id='word_1_203' title='bbox 614 1881 672 1908; x_wconf 88' lang='lat' dir='ltr'>eo</span> <span class='ocrx_word' id='word_1_204' title='bbox 709 1866 1097 1926; x_wconf 82' lang='lat' dir='ltr'>discrepant.“]</span> <span class='ocrx_word' id='word_1_205' title='bbox 1132 1894 1185 1900; x_wconf 89' lang='lat'>—</span> <span class='ocrx_word' id='word_1_206' title='bbox 1217 1868 1387 1925; x_wconf 84' lang='lat' dir='ltr'>Aliqua</span> <span class='ocrx_word' id='word_1_207' title='bbox 1430 1883 1536 1911; x_wconf 86' lang='lat' dir='ltr'>sane</span> <span class='ocrx_word' id='word_1_208' title='bbox 1573 1867 1647 1910; x_wconf 90' lang='lat' dir='ltr'>hic</span> <span class='ocrx_word' id='word_1_209' title='bbox 1687 1867 1874 1909; x_wconf 84' lang='lat' dir='ltr'>definita</span> <span class='ocrx_word' id='word_1_210' title='bbox 1904 1881 1983 1909; x_wconf 91' lang='lat' dir='ltr'>seu</span> 
     </span>
     <span class='ocr_line' id='line_1_25' title="bbox 282 1938 1983 1996; baseline 0.001 -17"><span class='ocrx_word' id='word_1_211' title='bbox 282 1938 424 1980; x_wconf 87' lang='lat' dir='ltr'>libera</span> <span class='ocrx_word' id='word_1_212' title='bbox 455 1942 573 1992; x_wconf 86' lang='lat' dir='ltr'>sunt,</span> <span class='ocrx_word' id='word_1_213' title='bbox 608 1953 721 1994; x_wconf 88' lang='lat' dir='ltr'>quae</span> <span class='ocrx_word' id='word_1_214' title='bbox 755 1954 780 1980; x_wconf 89' lang='lat' dir='ltr'>a</span> <span class='ocrx_word' id='word_1_215' title='bbox 812 1938 856 1981; x_wconf 84' lang='lat' dir='ltr'>S.</span> <span class='ocrx_word' id='word_1_216' title='bbox 881 1939 1055 1982; x_wconf 86' lang='lat' dir='ltr'>Thoma</span> <span class='ocrx_word' id='word_1_217' title='bbox 1086 1939 1374 1995; x_wconf 89' lang='lat' dir='ltr'>dissentiunt,</span> <span class='ocrx_word' id='word_1_218' title='bbox 1405 1943 1541 1996; x_wconf 89' lang='lat' dir='ltr'>prout</span> <span class='ocrx_word' id='word_1_219' title='bbox 1572 1939 1628 1981; x_wconf 90' lang='lat' dir='ltr'>ab</span> <span class='ocrx_word' id='word_1_220' title='bbox 1661 1938 1834 1994; x_wconf 87' lang='lat' dir='ltr'>aliquot</span> <span class='ocrx_word' id='word_1_221' title='bbox 1865 1938 1983 1981; x_wconf 90' lang='lat' dir='ltr'>anti-</span> 
     </span>
     <span class='ocr_line' id='line_1_26' title="bbox 283 2008 1983 2067; baseline 0.001 -16"><span class='ocrx_word' id='word_1_222' title='bbox 283 2008 516 2064; x_wconf 88' lang='lat' dir='ltr'>quioribus</span> <span class='ocrx_word' id='word_1_223' title='bbox 548 2008 794 2050; x_wconf 89' lang='lat' dir='ltr'>Thomistis</span> <span class='ocrx_word' id='word_1_224' title='bbox 826 2011 1079 2066; x_wconf 83' lang='lat' dir='ltr'>exponitur.</span> <span class='ocrx_word' id='word_1_225' title='bbox 1143 2011 1210 2053; x_wconf 90' lang='lat' dir='ltr'>At</span> <span class='ocrx_word' id='word_1_226' title='bbox 1243 2026 1297 2054; x_wconf 81' lang='lat' dir='ltr'>ex</span> <span class='ocrx_word' id='word_1_227' title='bbox 1327 2011 1480 2054; x_wconf 87' lang='lat' dir='ltr'>verbis</span> <span class='ocrx_word' id='word_1_228' title='bbox 1502 2011 1545 2055; x_wconf 81' lang='lat' dir='ltr'>S.</span> <span class='ocrx_word' id='word_1_229' title='bbox 1564 2010 1763 2053; x_wconf 84' lang='lat' dir='ltr'>Thomae</span> <span class='ocrx_word' id='word_1_230' title='bbox 1783 2009 1831 2052; x_wconf 90' lang='lat' dir='ltr'>id</span> <span class='ocrx_word' id='word_1_231' title='bbox 1850 2009 1983 2067; x_wconf 87' lang='lat' dir='ltr'>plane</span> 
     </span>
     <span class='ocr_line' id='line_1_27' title="bbox 282 2081 1982 2138; baseline 0 -16"><span class='ocrx_word' id='word_1_232' title='bbox 282 2095 374 2123; x_wconf 91' lang='lat' dir='ltr'>non</span> <span class='ocrx_word' id='word_1_233' title='bbox 419 2083 608 2134; x_wconf 88' lang='lat' dir='ltr'>constat,</span> <span class='ocrx_word' id='word_1_234' title='bbox 647 2081 767 2136; x_wconf 88' lang='lat' dir='ltr'>quod</span> <span class='ocrx_word' id='word_1_235' title='bbox 810 2085 854 2123; x_wconf 89' lang='lat' dir='ltr'>et</span> <span class='ocrx_word' id='word_1_236' title='bbox 896 2082 1166 2126; x_wconf 86' lang='lat' dir='ltr'>recentiores</span> <span class='ocrx_word' id='word_1_237' title='bbox 1202 2083 1474 2137; x_wconf 82' lang='lat' dir='ltr'>Thomistae,</span> <span class='ocrx_word' id='word_1_238' title='bbox 1513 2081 1591 2138; x_wconf 90' lang='lat' dir='ltr'>qui</span> <span class='ocrx_word' id='word_1_239' title='bbox 1629 2081 1678 2123; x_wconf 90' lang='lat' dir='ltr'>in</span> <span class='ocrx_word' id='word_1_240' title='bbox 1721 2081 1982 2124; x_wconf 87' lang='lat' dir='ltr'>clarissimis</span> 
     </span>
     <span class='ocr_line' id='line_1_28' title="bbox 282 2152 1982 2211; baseline 0 -17"><span class='ocrx_word' id='word_1_241' title='bbox 282 2167 404 2194; x_wconf 90' lang='lat' dir='ltr'>nunc</span> <span class='ocrx_word' id='word_1_242' title='bbox 436 2152 598 2194; x_wconf 88' lang='lat' dir='ltr'>docent</span> <span class='ocrx_word' id='word_1_243' title='bbox 628 2152 898 2209; x_wconf 84' lang='lat' dir='ltr'>Academijs,</span> <span class='ocrx_word' id='word_1_244' title='bbox 931 2154 1229 2198; x_wconf 88' lang='lat' dir='ltr'>obseruarunt</span> <span class='ocrx_word' id='word_1_245' title='bbox 1256 2170 1306 2197; x_wconf 89' lang='lat' dir='ltr'>ac</span> <span class='ocrx_word' id='word_1_246' title='bbox 1325 2157 1562 2211; x_wconf 87' lang='lat' dir='ltr'>propterea</span> <span class='ocrx_word' id='word_1_247' title='bbox 1581 2152 1797 2195; x_wconf 89' lang='lat' dir='ltr'>recedunt</span> <span class='ocrx_word' id='word_1_248' title='bbox 1818 2167 1844 2194; x_wconf 88' lang='lat' dir='ltr'>a</span> <span class='ocrx_word' id='word_1_249' title='bbox 1864 2152 1982 2210; x_wconf 87' lang='lat' dir='ltr'>prio-</span> 
     </span>
     <span class='ocr_line' id='line_1_29' title="bbox 282 2223 1979 2279; baseline 0.001 -15"><span class='ocrx_word' id='word_1_250' title='bbox 282 2223 408 2266; x_wconf 86' lang='lat' dir='ltr'>ribus</span> <span class='ocrx_word' id='word_1_251' title='bbox 445 2238 538 2265; x_wconf 88' lang='lat' dir='ltr'>non</span> <span class='ocrx_word' id='word_1_252' title='bbox 578 2238 678 2265; x_wconf 90' lang='lat' dir='ltr'>raro</span> <span class='ocrx_word' id='word_1_253' title='bbox 718 2228 761 2265; x_wconf 91' lang='lat' dir='ltr'>et</span> <span class='ocrx_word' id='word_1_254' title='bbox 797 2224 1016 2268; x_wconf 89' lang='lat' dir='ltr'>laudabili</span> <span class='ocrx_word' id='word_1_255' title='bbox 1054 2242 1160 2269; x_wconf 84' lang='lat' dir='ltr'>sane</span> <span class='ocrx_word' id='word_1_256' title='bbox 1201 2226 1407 2268; x_wconf 89' lang='lat' dir='ltr'>consilio:</span> <span class='ocrx_word' id='word_1_257' title='bbox 1443 2224 1813 2267; x_wconf 85' lang='lat' dir='ltr'>animaduertunt</span> <span class='ocrx_word' id='word_1_258' title='bbox 1844 2223 1979 2279; x_wconf 88' lang='lat' dir='ltr'>enim,</span> 
     </span>
     <span class='ocr_line' id='line_1_30' title="bbox 284 2295 1981 2354; baseline 0.001 -18"><span class='ocrx_word' id='word_1_259' title='bbox 284 2310 411 2351; x_wconf 81' lang='lat' dir='ltr'>saepe</span> <span class='ocrx_word' id='word_1_260' title='bbox 453 2296 497 2337; x_wconf 81' lang='lat' dir='ltr'>S.</span> <span class='ocrx_word' id='word_1_261' title='bbox 524 2295 744 2337; x_wconf 83' lang='lat' dir='ltr'>Thomam</span> <span class='ocrx_word' id='word_1_262' title='bbox 777 2300 872 2338; x_wconf 88' lang='lat' dir='ltr'>tam</span> <span class='ocrx_word' id='word_1_263' title='bbox 904 2297 1134 2339; x_wconf 88' lang='lat' dir='ltr'>commode</span> <span class='ocrx_word' id='word_1_264' title='bbox 1166 2297 1287 2340; x_wconf 88' lang='lat' dir='ltr'>trahi</span> <span class='ocrx_word' id='word_1_265' title='bbox 1318 2312 1445 2354; x_wconf 88' lang='lat' dir='ltr'>posse</span> <span class='ocrx_word' id='word_1_266' title='bbox 1477 2297 1534 2339; x_wconf 90' lang='lat' dir='ltr'>ad</span> <span class='ocrx_word' id='word_1_267' title='bbox 1566 2296 1872 2352; x_wconf 86' lang='lat' dir='ltr'>antiquiorum</span> <span class='ocrx_word' id='word_1_268' title='bbox 1905 2310 1981 2337; x_wconf 84' lang='lat' dir='ltr'>ex-</span> 
     </span>
     <span class='ocr_line' id='line_1_31' title="bbox 284 2366 1983 2426; baseline 0.001 -19"><span class='ocrx_word' id='word_1_269' title='bbox 284 2366 542 2422; x_wconf 82' lang='lat' dir='ltr'>positiones,</span> <span class='ocrx_word' id='word_1_270' title='bbox 588 2382 698 2422; x_wconf 89' lang='lat' dir='ltr'>quas</span> <span class='ocrx_word' id='word_1_271' title='bbox 738 2371 790 2409; x_wconf 90' lang='lat' dir='ltr'>vt</span> <span class='ocrx_word' id='word_1_272' title='bbox 833 2367 1085 2424; x_wconf 85' lang='lat' dir='ltr'>singulares</span> <span class='ocrx_word' id='word_1_273' title='bbox 1131 2369 1376 2411; x_wconf 82' lang='lat' dir='ltr'>sententias</span> <span class='ocrx_word' id='word_1_274' title='bbox 1422 2371 1744 2426; x_wconf 88' lang='lat' dir='ltr'>oppugnarunt</span> <span class='ocrx_word' id='word_1_275' title='bbox 1781 2367 1983 2425; x_wconf 76' lang='lat' dir='ltr'>plurimi,</span> 
     </span>
     <span class='ocr_line' id='line_1_32' title="bbox 287 2438 1985 2497; baseline 0.002 -19"><span class='ocrx_word' id='word_1_276' title='bbox 287 2453 423 2494; x_wconf 85' lang='lat' dir='ltr'>quam</span> <span class='ocrx_word' id='word_1_277' title='bbox 466 2438 523 2480; x_wconf 89' lang='lat' dir='ltr'>ad</span> <span class='ocrx_word' id='word_1_278' title='bbox 565 2439 834 2493; x_wconf 87' lang='lat' dir='ltr'>contrarias,</span> <span class='ocrx_word' id='word_1_279' title='bbox 878 2454 988 2495; x_wconf 89' lang='lat' dir='ltr'>quas</span> <span class='ocrx_word' id='word_1_280' title='bbox 1029 2440 1229 2497; x_wconf 85' lang='lat' dir='ltr'>plerique</span> <span class='ocrx_word' id='word_1_281' title='bbox 1272 2455 1424 2483; x_wconf 86' lang='lat' dir='ltr'>omnes</span> <span class='ocrx_word' id='word_1_282' title='bbox 1467 2440 1541 2483; x_wconf 82' lang='lat' dir='ltr'>vel</span> <span class='ocrx_word' id='word_1_283' title='bbox 1582 2440 1711 2495; x_wconf 90' lang='lat' dir='ltr'>olim,</span> <span class='ocrx_word' id='word_1_284' title='bbox 1752 2439 1825 2482; x_wconf 85' lang='lat' dir='ltr'>vel</span> <span class='ocrx_word' id='word_1_285' title='bbox 1863 2454 1985 2482; x_wconf 89' lang='lat' dir='ltr'>nunc</span> 
     </span>
     <span class='ocr_line' id='line_1_33' title="bbox 286 2509 1982 2567; baseline 0.001 -17"><span class='ocrx_word' id='word_1_286' title='bbox 286 2509 635 2566; x_wconf 85' lang='lat' dir='ltr'>amplectuntur,</span> <span class='ocrx_word' id='word_1_287' title='bbox 676 2509 707 2566; x_wconf 88' lang='lat' dir='ltr'>ij</span> <span class='ocrx_word' id='word_1_288' title='bbox 747 2510 898 2565; x_wconf 86' lang='lat' dir='ltr'>etiam,</span> <span class='ocrx_word' id='word_1_289' title='bbox 940 2511 1018 2566; x_wconf 87' lang='lat' dir='ltr'>qui</span> <span class='ocrx_word' id='word_1_290' title='bbox 1051 2511 1380 2555; x_wconf 85' lang='lat' dir='ltr'>controuersias</span> <span class='ocrx_word' id='word_1_291' title='bbox 1412 2527 1514 2554; x_wconf 88' lang='lat' dir='ltr'>cum</span> <span class='ocrx_word' id='word_1_292' title='bbox 1544 2510 1798 2554; x_wconf 87' lang='lat' dir='ltr'>Haereticis</span> <span class='ocrx_word' id='word_1_293' title='bbox 1830 2509 1982 2567; x_wconf 89' lang='lat' dir='ltr'>dispu-</span> 
     </span>
     <span class='ocr_line' id='line_1_34' title="bbox 284 2580 1982 2639; baseline 0.002 -18"><span class='ocrx_word' id='word_1_294' title='bbox 284 2584 397 2634; x_wconf 88' lang='lat' dir='ltr'>tant,</span> <span class='ocrx_word' id='word_1_295' title='bbox 430 2580 638 2622; x_wconf 86' lang='lat' dir='ltr'>arbitrati</span> <span class='ocrx_word' id='word_1_296' title='bbox 672 2582 951 2624; x_wconf 75' lang='lat' dir='ltr'>commodius</span> <span class='ocrx_word' id='word_1_297' title='bbox 982 2598 1052 2625; x_wconf 88' lang='lat' dir='ltr'>res</span> <span class='ocrx_word' id='word_1_298' title='bbox 1085 2583 1259 2639; x_wconf 89' lang='lat' dir='ltr'>aliquas</span> <span class='ocrx_word' id='word_1_299' title='bbox 1289 2583 1420 2625; x_wconf 86' lang='lat' dir='ltr'>Fidei</span> <span class='ocrx_word' id='word_1_300' title='bbox 1451 2597 1577 2639; x_wconf 90' lang='lat' dir='ltr'>posse</span> <span class='ocrx_word' id='word_1_301' title='bbox 1609 2581 1789 2624; x_wconf 84' lang='lat' dir='ltr'>defendi</span> <span class='ocrx_word' id='word_1_302' title='bbox 1820 2581 1982 2624; x_wconf 82' lang='lat' dir='ltr'>funda-</span> 
     </span>
    </p>
   </div>
   <div class='ocr_carea' id='block_1_5' title="bbox 191 2651 1978 2711">
    <p class='ocr_par' dir='ltr' id='par_1_6' title="bbox 191 2651 1978 2711">
     <span class='ocr_line' id='line_1_35' title="bbox 191 2651 1978 2711; baseline 0.002 -19"><span class='ocrx_word' id='word_1_303' title='bbox 191 2684 197 2691; x_wconf 98' lang='lat'>.</span> <span class='ocrx_word' id='word_1_304' title='bbox 237 2651 448 2693; x_wconf 84' lang='lat' dir='ltr'>..mentis</span> <span class='ocrx_word' id='word_1_305' title='bbox 489 2651 603 2707; x_wconf 86' lang='lat' dir='ltr'>alijs,</span> <span class='ocrx_word' id='word_1_306' title='bbox 648 2667 782 2708; x_wconf 88' lang='lat' dir='ltr'>quam</span> <span class='ocrx_word' id='word_1_307' title='bbox 823 2653 916 2695; x_wconf 89' lang='lat' dir='ltr'>sint</span> <span class='ocrx_word' id='word_1_308' title='bbox 948 2669 1012 2708; x_wconf 90' lang='lat' dir='ltr'>ea,</span> <span class='ocrx_word' id='word_1_309' title='bbox 1047 2669 1161 2711; x_wconf 89' lang='lat' dir='ltr'>quae</span> <span class='ocrx_word' id='word_1_310' title='bbox 1192 2654 1360 2711; x_wconf 89' lang='lat' dir='ltr'>priores</span> <span class='ocrx_word' id='word_1_311' title='bbox 1392 2654 1652 2696; x_wconf 84' lang='lat' dir='ltr'>Thomistae</span> <span class='ocrx_word' id='word_1_312' title='bbox 1681 2653 1939 2695; x_wconf 88' lang='lat' dir='ltr'>tribuerunt</span> <span class='ocrx_word' id='word_1_313' title='bbox 1973 2652 1978 2711; x_wconf 84' lang='grc' dir='ltr'>Ι</span> 
     </span>
    </p>
   </div>
   <div class='ocr_carea' id='block_1_6' title="bbox 281 2722 1978 3137">
    <p class='ocr_par' dir='ltr' id='par_1_7' title="bbox 281 2722 1978 3137">
     <span class='ocr_line' id='line_1_36' title="bbox 284 2722 1978 2782; baseline 0.002 -19"><span class='ocrx_word' id='word_1_314' title='bbox 284 2722 327 2764; x_wconf 81' lang='lat' dir='ltr'>S.</span> <span class='ocrx_word' id='word_1_315' title='bbox 351 2722 560 2764; x_wconf 83' lang='lat' dir='ltr'>Thomae.</span> <span class='ocrx_word' id='word_1_316' title='bbox 623 2723 782 2779; x_wconf 87' lang='lat' dir='ltr'>Itaque</span> <span class='ocrx_word' id='word_1_317' title='bbox 814 2724 1030 2767; x_wconf 89' lang='lat' dir='ltr'>neoterici</span> <span class='ocrx_word' id='word_1_318' title='bbox 1050 2725 1307 2768; x_wconf 86' lang='lat' dir='ltr'>Thomistae</span> <span class='ocrx_word' id='word_1_319' title='bbox 1331 2725 1436 2767; x_wconf 86' lang='lat' dir='ltr'>fessi</span> <span class='ocrx_word' id='word_1_320' title='bbox 1455 2724 1851 2782; x_wconf 82' lang='lat' dir='ltr'>disputationibUS,</span> <span class='ocrx_word' id='word_1_321' title='bbox 1877 2739 1978 2767; x_wconf 89' lang='lat' dir='ltr'>cum</span> 
     </span>
     <span class='ocr_line' id='line_1_37' title="bbox 283 2793 1978 2853; baseline 0.002 -19"><span class='ocrx_word' id='word_1_322' title='bbox 283 2794 410 2835; x_wconf 88' lang='lat' dir='ltr'>salua</span> <span class='ocrx_word' id='word_1_323' title='bbox 442 2794 485 2835; x_wconf 83' lang='lat' dir='ltr'>S.</span> <span class='ocrx_word' id='word_1_324' title='bbox 510 2793 707 2836; x_wconf 88' lang='lat' dir='ltr'>Thomae</span> <span class='ocrx_word' id='word_1_325' title='bbox 740 2796 988 2838; x_wconf 86' lang='lat' dir='ltr'>autoritate</span> <span class='ocrx_word' id='word_1_326' title='bbox 1018 2796 1194 2852; x_wconf 86' lang='lat' dir='ltr'>possint</span> <span class='ocrx_word' id='word_1_327' title='bbox 1226 2797 1300 2839; x_wconf 86' lang='lat' dir='ltr'>vel</span> <span class='ocrx_word' id='word_1_328' title='bbox 1333 2812 1433 2839; x_wconf 89' lang='lat' dir='ltr'>oum</span> <span class='ocrx_word' id='word_1_329' title='bbox 1455 2797 1639 2853; x_wconf 90' lang='lat' dir='ltr'>reliquis</span> <span class='ocrx_word' id='word_1_330' title='bbox 1662 2796 1917 2852; x_wconf 87' lang='lat' dir='ltr'>Theologis,</span> <span class='ocrx_word' id='word_1_331' title='bbox 1940 2796 1978 2839; x_wconf 91' lang='lat' dir='ltr'>si</span> 
     </span>
     <span class='ocr_line' id='line_1_38' title="bbox 285 2864 1976 2923; baseline 0.002 -17"><span class='ocrx_word' id='word_1_332' title='bbox 285 2864 466 2920; x_wconf 88' lang='lat' dir='ltr'>quando</span> <span class='ocrx_word' id='word_1_333' title='bbox 504 2865 640 2920; x_wconf 89' lang='lat' dir='ltr'>longe</span> <span class='ocrx_word' id='word_1_334' title='bbox 671 2867 950 2922; x_wconf 88' lang='lat' dir='ltr'>probabilius</span> <span class='ocrx_word' id='word_1_335' title='bbox 982 2867 1030 2908; x_wconf 90' lang='lat' dir='ltr'>hi</span> <span class='ocrx_word' id='word_1_336' title='bbox 1061 2867 1239 2923; x_wconf 89' lang='lat' dir='ltr'>loquuti</span> <span class='ocrx_word' id='word_1_337' title='bbox 1271 2867 1496 2922; x_wconf 87' lang='lat' dir='ltr'>videntur,</span> <span class='ocrx_word' id='word_1_338' title='bbox 1531 2867 1770 2910; x_wconf 87' lang='lat' dir='ltr'>conuenire</span> <span class='ocrx_word' id='word_1_339' title='bbox 1802 2867 1875 2910; x_wconf 89' lang='lat' dir='ltr'>vel</span> <span class='ocrx_word' id='word_1_340' title='bbox 1907 2882 1976 2910; x_wconf 88' lang='lat' dir='ltr'>res</span> 
     </span>
     <span class='ocr_line' id='line_1_39' title="bbox 283 2935 1976 2994; baseline 0.002 -18"><span class='ocrx_word' id='word_1_341' title='bbox 283 2935 455 2991; x_wconf 85' lang='lat' dir='ltr'>aliquas</span> <span class='ocrx_word' id='word_1_342' title='bbox 495 2936 625 2977; x_wconf 80' lang='lat' dir='ltr'>Fidei</span> <span class='ocrx_word' id='word_1_343' title='bbox 666 2936 846 2978; x_wconf 88' lang='lat' dir='ltr'>reddere</span> <span class='ocrx_word' id='word_1_344' title='bbox 887 2937 1112 2980; x_wconf 84' lang='lat' dir='ltr'>faciliores</span> <span class='ocrx_word' id='word_1_345' title='bbox 1152 2938 1209 2980; x_wconf 88' lang='lat' dir='ltr'>ad</span> <span class='ocrx_word' id='word_1_346' title='bbox 1245 2938 1608 2994; x_wconf 86' lang='lat' dir='ltr'>intelligendum,</span> <span class='ocrx_word' id='word_1_347' title='bbox 1650 2938 1892 2981; x_wconf 89' lang='lat' dir='ltr'>noluerunt</span> <span class='ocrx_word' id='word_1_348' title='bbox 1931 2953 1976 2980; x_wconf 84' lang='lat' dir='ltr'>se</span> 
     </span>
     <span class='ocr_line' id='line_1_40' title="bbox 281 3006 1974 3066; baseline 0.002 -19"><span class='ocrx_word' id='word_1_349' title='bbox 281 3010 488 3048; x_wconf 83' lang='lat' dir='ltr'>veterum</span> <span class='ocrx_word' id='word_1_350' title='bbox 520 3006 971 3063; x_wconf 85' lang='lat' dir='ltr'>interpretationibus</span> <span class='ocrx_word' id='word_1_351' title='bbox 1003 3024 1175 3064; x_wconf 90' lang='lat' dir='ltr'>semper</span> <span class='ocrx_word' id='word_1_352' title='bbox 1207 3010 1473 3065; x_wconf 82' lang='lat' dir='ltr'>astringere3</span> <span class='ocrx_word' id='word_1_353' title='bbox 1506 3010 1553 3052; x_wconf 91' lang='lat' dir='ltr'>id</span> <span class='ocrx_word' id='word_1_354' title='bbox 1586 3009 1705 3066; x_wconf 92' lang='lat' dir='ltr'>quod</span> <span class='ocrx_word' id='word_1_355' title='bbox 1737 3013 1781 3051; x_wconf 86' lang='lat' dir='ltr'>et</span> <span class='ocrx_word' id='word_1_356' title='bbox 1811 3009 1896 3051; x_wconf 88' lang='lat' dir='ltr'>hac</span> <span class='ocrx_word' id='word_1_357' title='bbox 1926 3009 1974 3051; x_wconf 88' lang='lat' dir='ltr'>in</span> 
     </span>
     <span class='ocr_line' id='line_1_41' title="bbox 284 3076 1973 3137; baseline 0.002 -18"><span class='ocrx_word' id='word_1_358' title='bbox 284 3076 478 3121; x_wconf 83' lang='lat' dir='ltr'>formula</span> <span class='ocrx_word' id='word_1_359' title='bbox 518 3082 747 3121; x_wconf 85' lang='lat' dir='ltr'>seruatum</span> <span class='ocrx_word' id='word_1_360' title='bbox 780 3083 861 3135; x_wconf 88' lang='lat' dir='ltr'>est,</span> <span class='ocrx_word' id='word_1_361' title='bbox 900 3084 953 3122; x_wconf 89' lang='lat' dir='ltr'>vt</span> <span class='ocrx_word' id='word_1_362' title='bbox 984 3079 1121 3136; x_wconf 84' lang='lat' dir='ltr'>(quod</span> <span class='ocrx_word' id='word_1_363' title='bbox 1161 3079 1383 3137; x_wconf 88' lang='lat' dir='ltr'>optimum</span> <span class='ocrx_word' id='word_1_364' title='bbox 1414 3084 1496 3135; x_wconf 88' lang='lat' dir='ltr'>est)</span> <span class='ocrx_word' id='word_1_365' title='bbox 1526 3080 1692 3123; x_wconf 86' lang='lat' dir='ltr'>nostris</span> <span class='ocrx_word' id='word_1_366' title='bbox 1723 3094 1973 3136; x_wconf 90' lang='lat' dir='ltr'>congruen-</span> 
     </span>
    </p>
   </div>
  </div>
 </body>
</html>
