2153 3467
133 2741 324 2771 fleverim-nis

172 2778 295 2800 milatus.

128 3046 287 3078 Collegium

375 164 462 206 354
563 173 672 210 Ratio
700 167 903 211 studiorum
930 180 968 211 et
994 174 1252 213 institutiones
1279 170 1523 214 scholasticae
1549 172 1745 215 Societatis
1772 176 1860 216 Jesu
1886 174 1925 215 ῙῙ

516 292 695 334 Primus
747 293 860 335 liber
921 309 1002 351 pro
1064 295 1239 337 infima*
1402 294 1582 329 Omissum
1609 296 1645 329 in
1670 307 1764 331 nova
1791 297 1833 330 R.
1860 301 1906 331 st.

375 362 510 403 classe
543 363 793 405 continebit
824 365 1018 421 primum
1044 367 1221 408 Emma—

374 433 520 475 nuelis
566 434 730 476 librum
773 440 817 476 et
858 435 1039 479 brevem
1081 437 1220 478 intro-

375 503 632 545 ductionem
671 510 913 560 syntaxeos
960 521 982 547 e
1023 507 1241 577 secundo!

375 573 698 631 depromptam.
1238 584 1242 594 “

517 658 746 700 Secundus
786 659 900 700 liber
945 674 1026 716 pro
1075 660 1221 701 media

375 729 513 769 classe
527 729 780 770 continebit
797 730 1038 771 secundum
1055 731 1219 772 librum

374 800 682 841 Emmanuelis
705 800 758 841 de
780 805 879 841 octo
902 801 1100 857 partium
1118 816 1221 843 con-

375 871 621 912 structione
668 886 809 926 usque
857 871 913 913 ad
962 872 1241 955 figuratam,'

375 941 542 983 additis
574 942 855 983 facilioribus
878 943 1218 999 appendicibus

515 1025 697 1066 Tertius
736 1025 851 1066 liber
889 1040 970 1082 pro
1012 1041 1240 1083 suprema·

373 1097 510 1137 classe
543 1096 797 1138 continebit
827 1111 850 1138 e
882 1098 1077 1139 secundo
1103 1098 1219 1139 libro

374 1167 641 1223 appendices
684 1168 867 1209 secundi
901 1169 1078 1223 generis
1109 1173 1154 1209 et
1196 1149 1240 1210 a¹

372 1238 566 1292 figurata
607 1239 941 1280 constructione
982 1254 1122 1295 usque
1164 1240 1220 1281 ad

372 1314 633 1362 extremum,
663 1324 713 1351 ac
736 1309 903 1351 librum
927 1310 1111 1352 tertium
1142 1311 1219 1366 qui

372 1384 438 1420 est
470 1380 522 1421 de
556 1380 833 1435 syllabarum
865 1381 1160 1423 dimensione.

515 1462 686 1504 Similis
720 1468 871 1505 autem
913 1463 1019 1506 huic
1051 1464 1099 1506 in
1130 1468 1220 1505 tres

372 1538 534 1589 partes,
575 1548 687 1589 quae
719 1533 864 1575 tribus
892 1534 1110 1576 classibus
1153 1549 1218 1575 re-

371 1604 642 1660 spondeant,
675 1604 856 1647 ‘divisio
898 1605 955 1646 ab
987 1605 1043 1646 iis
1081 1605 1217 1647 etiam

370 1675 615 1731 provinciis
661 1675 868 1718 facienda
916 1680 1052 1731 esset,
1104 1691 1218 1732 quae

372 1747 506 1788 aliam
518 1745 792 1802 methodum,
806 1761 939 1803 quam
948 1748 1218 1802 Romanam,

370 1822 632 1873 sequuntur.

613 1901 649 1951 ἓ.
683 1903 722 1944 3.
786 1900 1012 1957 Cujusque
1035 1901 1187 1942 classis
1208 1900 1375 1942 librum
1396 1900 1611 1957 magister
1625 1901 1770 1958 primo
1787 1901 1881 1944 fere
1899 1902 2100 1944 semestri

374 1971 599 2026 absolvet,
643 1972 782 2013 altero
823 1987 848 2013 a
887 1972 1032 2028 capite
1070 1976 1253 2029 repetet.
1317 1971 1542 2021 Quoniam
1582 1987 1688 2015 vero
1724 1972 1906 2015 infimae
1947 1972 2099 2015 classis

375 2043 485 2084 liber
516 2050 657 2100 major
687 2048 765 2098 est,
799 2058 933 2099 quam
966 2044 1198 2101 explanari
1237 2057 1328 2086 uno
1369 2057 1487 2085 anno
1525 2057 1577 2085 ac
1617 2042 1752 2085 recoli
1788 2047 1913 2085 totus
1943 2043 2098 2101 possit,

373 2114 472 2156 ideo
504 2114 716 2156 bifariam
750 2114 983 2157 dividitur.
1049 2115 1108 2156 Et
1146 2114 1375 2171 expediret
1406 2113 1590 2169 quidem
1622 2128 1782 2170 pueros
1812 2128 1904 2156 non
1937 2113 2098 2156 admit-

372 2190 477 2239 tere,
510 2185 597 2227 nisi
630 2185 677 2226 in
708 2185 854 2242 prima
884 2189 1011 2243 parte
1044 2185 1156 2227 bene
1187 2186 1444 2240 instructos,
1476 2189 1529 2226 ut
1548 2184 1758 2227 omnibus
1780 2184 1975 2227 secunda
1995 2199 2097 2242 pars

372 2256 487 2298 sicut
520 2256 568 2298 in
601 2256 757 2298 ceteris
789 2256 1004 2299 classibus
1034 2271 1125 2299 uno
1147 2271 1265 2298 anno
1288 2256 1588 2313 explicaretur
1608 2260 1653 2297 et
1670 2259 1959 2312 repeteretur.
2011 2256 2097 2299 Ve-

370 2341 468 2368 rum
503 2327 579 2368 ubi
611 2327 658 2368 id
690 2327 786 2369 fieri
818 2343 911 2369 non
942 2328 1122 2384 poterit,
1154 2327 1263 2370 haec
1296 2327 1453 2369 infima
1484 2325 1637 2368 classis
1669 2326 1915 2370 dividenda
1946 2326 2031 2369 erit
2049 2327 2096 2368 in

371 2397 481 2439 duos
515 2398 706 2452 ordines,
740 2413 929 2454 quorum
962 2400 1040 2441 uni
1073 2398 1219 2454 prima
1249 2413 1351 2454 pars
1382 2396 1508 2451 libri,
1549 2396 1679 2439 alteri
1718 2397 1912 2440 secunda
1950 2397 2096 2454 primo

371 2468 458 2508 fore
491 2471 692 2510 semestri
721 2470 1026 2527 praelegatum
1060 2469 1254 2511 secundo
1285 2483 1391 2510 vero
1423 2468 1625 2509 semestri
1655 2472 1845 2524 utraque
1876 2468 1932 2510 ab
1963 2467 2095 2509 initio

369 2544 609 2594 repetatur.
664 2539 787 2590 Quae
819 2541 962 2584 sicubi
994 2540 1260 2597 geminetur,
1289 2554 1389 2582 cum
1407 2540 1454 2581 in
1476 2553 1527 2581 ea
1550 2538 1715 2596 duplex
1747 2539 1807 2580 sit
1826 2537 1947 2593 ordo,
1979 2552 2096 2580 unus

369 2610 533 2665 poterit
564 2611 783 2665 Magister
813 2611 1068 2654 inferiorem
1101 2610 1302 2653 ordinem
1335 2610 1505 2664 docere,
1536 2609 1650 2652 alter
1682 2609 1967 2666 superiorem.

611 2744 647 2793 ξ.
681 2743 721 2784 4.
784 2741 932 2797 Hujus
952 2741 1234 2798 repetitionis
1262 2739 1426 2797 duplex
1449 2739 1534 2782 erit
1554 2739 1748 2781 utilitas:
1782 2739 1941 2796 prima,
1973 2738 2093 2794 quod

369 2811 504 2852 altius
535 2810 831 2853 inhaerebunt
868 2827 981 2868 quae
1015 2812 1189 2868 saepius
1220 2810 1390 2853 fuerint
1420 2810 1601 2864 iterata;
1643 2810 1803 2864 altera,
1842 2814 1914 2864 ut,
1946 2810 1983 2851 si
2014 2808 2093 2864 qui

365 2886 471 2922 sunt
504 2885 753 2937 praestanti
785 2883 983 2938 ingenio,
1016 2883 1200 2923 celerius
1238 2896 1373 2938 quam
1417 2882 1581 2924 caeteri
1621 2895 1799 2923 cursum
1833 2879 2092 2933 conficiant,

366 2966 465 2993 cum
499 2951 689 3005 singulis
720 2954 1006 2995 semestribus
1039 2953 1212 3009 possint
1243 2952 1491 2994 ascendere.

605 3049 643 3099 ξ.
677 3049 715 3090 5.
779 3047 871 3089 Ubi
902 3046 1044 3102 igitur
1074 3046 1275 3102 quinque
1307 3045 1485 3088 scholae
1516 3049 1634 3100 sunt,
1666 3047 1900 3087 serventur
1930 3043 1978 3085 in
2000 3043 2091 3084 sin-

363 3117 482 3172 gulis
521 3117 689 3172 singuli
721 3117 889 3172 gradus
922 3132 973 3159 eo
1005 3117 1152 3171 modo,
1192 3130 1280 3171 quo
1309 3116 1520 3173 descripti
1541 3120 1647 3158 sunt
1669 3117 1716 3157 in
1748 3115 1916 3171 regulis
1942 3114 2090 3171 Magi-
