2089 3381
600 172 642 207 R.
668 176 714 208 st.
730 173 832 207 1586.
881 171 1011 207 Modus
1036 169 1282 214 praelegendi.
1728 159 1782 202 83

87 305 234 346 neque
282 290 337 332 de
378 289 434 346 ijs
465 289 634 333 dicitur
680 305 806 348 posse
852 289 1001 343 iuuari
1046 289 1240 342 dictatis,
1289 287 1365 329 sed
1411 289 1786 331 annotationibus

86 360 405 418 praeceptoris,
439 376 549 416 quas
578 375 738 417 nempe
766 364 1026 418 praeceptor
1045 360 1242 402 traderet
1265 359 1386 401 domi
1409 360 1784 402 transcribendas,

229 431 272 473 b.
305 431 395 474 Hic
432 447 529 474 mos
568 431 770 474 dictandi
801 431 1035 473 inauditus
1065 431 1153 473 fuit
1186 430 1388 486 antiquis
1420 435 1524 472 ante
1555 433 1613 474 40
1645 446 1786 473 annos

87 503 198 545 fere:
231 517 313 545 nec
344 506 497 545 tamen
527 502 677 544 minus
708 502 833 544 docti
863 506 975 545 tunc
1007 501 1248 556 auditoreS,
1284 517 1420 557 quam
1452 501 1599 543 modo.

229 589 265 616 c.
301 573 544 630 Conceptio
585 572 835 615 communis
875 576 941 614 est
978 572 1147 614 dictare
1186 587 1279 614 non
1318 587 1412 614 esse
1443 573 1609 628 legere:
1662 572 1787 615 aliud

89 645 199 687 item
238 659 331 687 esse
371 644 562 686 scribere
594 644 651 686 ad
681 643 942 700 poliendum
974 644 1360 698 commentarium,
1395 644 1520 685 aliud
1552 644 1697 685 solum
1730 644 1787 685 ad

88 716 329 759 memoriae
370 714 695 757 consulendum
733 730 811 771 per
850 715 1005 757 breuia
1044 715 1194 771 capita
1233 719 1277 756 et
1309 714 1624 770 allegationes,
1673 718 1717 755 et
1750 715 1788 755 si

87 787 268 843 quando
301 786 470 829 autoris
489 801 540 828 ea
559 790 678 840 sunt,
711 787 790 842 qui
820 785 1039 828 habeatur
1069 786 1117 827 in
1150 786 1372 841 manibus,
1406 801 1787 842 superuacaneum

86 873 179 900 esse
211 857 437 901 scribendi
469 872 662 914 operam.

228 928 270 971 d.
304 928 424 972 Viua
474 942 564 970 vox
617 929 762 984 magis
815 928 968 984 afficit,
1029 930 1257 985 exprimit,
1308 928 1543 985 imprimit,
1600 928 1787 982 excitat,

87 1000 326 1057 suspendit
353 999 668 1053 attentionem,
701 999 919 1056 explicat:
953 1015 1067 1055 quae
1090 1001 1242 1042 omnia
1262 1001 1483 1055 languent
1504 1000 1553 1041 in
1585 1002 1788 1041 emortua

86 1071 351 1125 dictatione3
392 1085 535 1126 neque
567 1072 742 1112 faciunt
774 1071 882 1112 satis
915 1071 993 1127 qui
1023 1076 1180 1128 postea
1212 1072 1388 1113 addunt
1419 1070 1787 1127 explicationem:

86 1157 191 1185 nam
239 1146 465 1198 vtrunque
514 1146 689 1198 tempus
734 1142 916 1184 videtur
962 1142 1190 1184 amissum.
1254 1143 1376 1183 Dum
1415 1141 1535 1183 enim
1575 1141 1786 1193 dictatur,

84 1213 252 1255 intenti
275 1217 381 1254 sunt
403 1213 556 1269 potius
578 1212 830 1267 scribendo,
865 1228 1000 1269 quam
1031 1214 1345 1270 intelligendo,
1379 1229 1481 1255 cum
1510 1213 1787 1269 praesertim,

45 1273 55 1280 “
86 1288 327 1339 antequam
358 1284 580 1326 sententia
601 1283 752 1339 aliqua
773 1284 1038 1340 integretur,
1071 1284 1280 1342 principij
1305 1285 1397 1327 fere
1419 1285 1577 1326 subeat
1602 1284 1786 1338 obliuio,

85 1355 309 1397 scribatur
340 1354 477 1396 etiam
508 1355 604 1396 sine
635 1355 928 1412 respiratione
960 1356 1067 1411 vlla,
1102 1372 1217 1412 quae
1247 1357 1425 1412 legente
1457 1360 1503 1398 et
1533 1356 1787 1413 explicante

85 1431 372 1484 praeceptore
398 1426 606 1482 frequens
633 1441 725 1468 esse
752 1431 912 1483 potest.
965 1428 1087 1469 Dum
1118 1442 1224 1469 vero
1256 1432 1411 1484 postea
1442 1427 1495 1468 fit
1529 1426 1785 1483 explicatio,

85 1498 254 1554 partim
284 1497 392 1553 quia
413 1497 575 1539 defessi
596 1502 714 1552 sunt,
748 1497 916 1554 partim
939 1498 1046 1553 quia
1068 1504 1234 1555 putant
1258 1513 1303 1540 se
1325 1498 1488 1540 habere
1509 1498 1600 1540 iam
1623 1497 1787 1540 doctri-

85 1583 190 1610 nam
234 1568 284 1610 in
320 1583 507 1625 papyro,
555 1569 628 1611 vel
668 1569 850 1623 abeunt,
898 1569 972 1611 vel
1014 1570 1221 1624 oscitant,
1269 1570 1343 1613 vel
1375 1570 1586 1625 relegunt
1618 1571 1787 1626 scripta

87 1640 144 1682 ad
174 1640 223 1683 vi
250 1643 255 1694 Ι
284 1639 494 1694 dendum,
527 1639 565 1681 si
597 1639 707 1696 quid
739 1640 867 1682 desit.
1804 1669 1834 1692 p.
1855 1660 1900 1685 98.

228 1714 268 1755 5.
301 1712 581 1767 Praeceptor,
625 1715 865 1767 postquam
904 1711 1110 1766 dictavit,
1149 1712 1415 1755 satisfecisse
1446 1717 1578 1769 putat
1609 1712 1787 1754 muneri

87 1796 188 1836 suo3
237 1781 583 1838 explicationem
629 1782 827 1825 breuiter
875 1783 1072 1839 deglutit
1108 1787 1343 1839 tamquam
1374 1798 1469 1825 rem
1499 1783 1786 1838 laboriosam,

87 1857 293 1908 egentem
324 1853 557 1907 memoria,
589 1854 962 1911 promptitudine,
996 1854 1218 1896 facilitate
1255 1855 1528 1911 explicandi,
1568 1855 1787 1897 orationis

86 1924 234 1981 copia:
281 1939 418 1980 quare
460 1925 682 1981 paulatim
726 1930 963 1968 euanescet
1000 1926 1049 1967 in
1087 1926 1297 1981 nihilum,
1341 1931 1394 1968 vt
1434 1926 1483 1968 in
1515 1926 1787 1982 quibusdam

86 1995 141 2037 fit
171 1995 262 2037 iam
294 1995 565 2051 Academijs.

228 2069 268 2110 6.
301 2067 412 2109 Plus
430 2067 644 2124 temporis
657 2067 881 2124 perditur:
900 2083 1005 2110 nam
1023 2083 1125 2110 cum
1143 2068 1314 2110 dictata
1332 2069 1527 2126 explicat
1540 2069 1786 2124 Professor,

88 2137 267 2193 cogitur
285 2137 423 2179 etiam
443 2138 635 2180 clariora
655 2142 867 2195 repetere,
900 2143 952 2181 vt
972 2139 1208 2181 continuet
1227 2155 1375 2183 rerum
1396 2156 1579 2182 suarum
1602 2145 1786 2182 contex-

86 2213 206 2251 tum:
227 2209 349 2264 quod
365 2210 535 2265 legenti
551 2224 643 2252 non
660 2214 725 2252 est
740 2225 1052 2265 necessarium,
1077 2211 1151 2252 sed
1168 2210 1278 2253 haec
1296 2205 1451 2253 statim
1468 2213 1785 2268 praeteruolat.

86 2280 231 2334 Adde,
272 2280 405 2336 quod,
439 2296 542 2323 cum
575 2281 763 2337 quisque
795 2281 974 2323 studeat
1005 2296 1074 2323 res
1106 2295 1207 2323 suas
1238 2282 1381 2339 polite
1412 2283 1597 2338 dictare,
1630 2283 1787 2325 multis

87 2365 180 2393 non
210 2351 469 2407 necessarijs
502 2356 747 2394 onerantur
777 2352 1036 2395 scribentes.

231 2425 269 2465 7.
302 2422 532 2465 Dictatiol
575 2437 677 2465 cum
721 2423 877 2479 exigat
920 2427 1011 2466 tres
1048 2426 1335 2481 quadrantes,
1380 2425 1492 2468 duos
1530 2426 1786 2483 explicatio,

91 2492 348 2536 addendum
388 2497 455 2535 est
488 2494 694 2551 tempori,
738 2508 825 2550 quo
856 2500 1166 2552 praeceptores
1199 2496 1291 2538 sint
1321 2497 1371 2538 in
1402 2497 1568 2552 schola,
1602 2498 1696 2539 siue
1728 2498 1790 2539 le-

91 2564 253 2620 gendo,
286 2564 380 2606 siue
399 2564 649 2607 assistendo
666 2565 987 2621 repetentibus,
1019 2571 1063 2608 et
1076 2567 1370 2610 confunditur
1391 2568 1500 2610 ordo
1518 2568 1787 2622 scholarum,

92 2634 292 2677 confusis
322 2634 567 2676 lectionum
599 2635 741 2691 signis
776 2636 1213 2693 [Glockenzeichen].

236 2708 274 2749 8.
309 2706 542 2756 Quantum
573 2705 711 2761 taedij
743 2721 834 2749 non
866 2707 1180 2764 scribentibus,
1213 2711 1474 2766 praesertim
1494 2711 1634 2753 etiam
1650 2712 1786 2752 Prae-

95 2776 200 2819 latis
229 2776 476 2832 aliquando
509 2781 553 2818 et
583 2777 836 2819 illustribus
867 2777 1031 2820 viris!2
1068 2779 1302 2835 Numquid
1334 2781 1548 2823 monendi
1580 2786 1698 2836 sunt,
1738 2786 1790 2824 vt

95 2861 187 2890 non
206 2847 370 2901 adsint,
402 2847 510 2889 dum
531 2848 742 2901 dictatur,
774 2848 851 2890 sed
883 2863 984 2891 cum
1014 2854 1170 2906 postea
1201 2851 1527 2907 explicabitur?
1559 2853 1681 2907 Ergo
1713 2866 1791 2908 per

243 2954 254 2974 ¹
279 2954 409 2989 Dieser
434 2953 518 2988 Satz
556 2953 700 2997 begann
736 2954 885 2990 vordem
922 2955 991 2990 mit
1028 2956 1108 2990 dem
1148 2956 1454 2993 handschriftlich
1491 2958 1680 3002 getilgten
1717 2957 1791 2992 und

98 3012 363 3057 iiberfliissigen
390 3012 538 3055 ‚,Quia.“

244 3072 258 3092 ²
283 3071 351 3106 Die
379 3072 615 3107 ehrenhalber
641 3071 698 3107 die
725 3072 935 3119 Vorlesung
961 3074 1152 3111 besuehen.

1468 3145 1512 3182 6*
