2143 3462
225 1546 251 1567 ιι.
277 1538 334 1562 1Ῑ6.

367 188 452 232 128
523 198 633 235 Ratio
662 198 868 236 studiorum
893 204 932 236 et
957 199 1211 236 institutiones
1238 197 1478 237 scholasticae
1504 197 1701 236 Societatis
1728 198 1817 236 Jesu
1842 200 1880 236 ΙΙ

506 320 546 361 3.
581 316 680 366 Quo
721 318 886 360 certius
927 319 1212 373 diiudicetur,
1251 320 1328 375 qui
1369 319 1686 375 Philosophiae
1718 319 1877 374 studijs
1907 319 2059 360 idonei

363 387 468 441 sint,
501 387 809 430 adhibendum
843 394 911 430 est
944 405 1132 431 examen
1164 390 1291 444 illud,
1325 389 1447 445 quod
1478 405 1555 445 per
1577 390 1814 431 Rectorem
1843 394 1922 431 aut
1944 391 2057 432 Gan-

365 459 595 500 cellarium
643 459 739 501 fieri
770 460 990 501 mandant
1027 460 1383 502 Constitutiones
1415 460 1540 500 Part.
1572 462 1612 502 4.
1647 460 1753 515 Cap.
1787 463 1827 502 ἓ).
1860 475 1902 500 11.
1936 462 1982 513 3;
2016 464 2061 501 et

364 529 470 584 Cap.
498 532 564 573 13.
599 532 749 574 num.1
781 534 836 584 4.,
870 536 916 571 et
946 530 1138 572 habetur
1170 531 1217 571 in
1249 530 1427 585 Regula
1449 533 1518 574 37.
1552 530 1776 571 Rectoris:
1811 530 2062 572 cuiusmodi

362 615 549 641 examen
590 615 681 642 non
714 601 858 642 solum
890 601 1157 655 ingressuris
1188 601 1540 657 Philosophiam,
1575 600 1648 641 sed
1682 601 1893 655 ingressis
1925 600 2061 642 etiam

363 671 659 712 necessarium
708 676 786 724 est,
841 687 942 713 cum
986 671 1035 712 'in
1084 686 1319 727 progressu
1366 672 1618 713 studiorum
1666 672 1830 713 certius
1868 672 2061 728 perspici

363 742 517 796 possit,
565 742 673 797 quid
713 742 901 797 quisque
942 743 1108 795 Valeat,
1159 758 1294 797 quam
1336 743 1581 799 principio:
1645 748 1690 784 et
1736 747 1974 799 propterea
2014 743 2061 783 in

363 815 402 855 4.
436 813 557 854 Part.
592 814 700 869 Cap.
734 816 773 856 6.
808 817 845 864 ξ.
883 817 947 855 Ιῖ).
982 818 1189 854 monetur
1222 815 1402 868 Rector,
1452 819 1504 856 vt
1544 818 1646 869 post
1682 814 1891 869 incoepta
1925 814 2061 854 etiam

363 883 513 925 studia
546 885 765 937 obseruet,
800 884 900 939 quis
932 884 1050 925 nolit
1081 889 1161 925 aut
1192 899 1284 925 non
1317 885 1459 940 possit
1492 899 1777 940 progressum
1809 884 1972 938 facere3
2018 889 2063 925 et

364 956 470 1010 Cap.
509 959 574 999 13.
611 960 649 1006 ξ’.
682 959 722 999 4.
767 955 949 996 iubetur
988 956 1157 997 Rector
1201 955 1248 996 in
1294 955 1495 1010 scientijs
1542 955 1844 1011 superioribus
1884 959 2064 1011 propter

362 1025 647 1079 ingeniorum
680 1030 724 1066 et
754 1030 958 1067 aetatum
991 1025 1365 1080 inaequalitatem
1398 1026 1661 1082 expendere,
1696 1030 1918 1081 quantum
1945 1027 2064 1081 quis-

362 1111 446 1150 que
477 1111 550 1137 eas
581 1095 762 1149 discere,
811 1101 856 1137 et
887 1097 1089 1151 quandiu
1121 1096 1169 1137 in
1201 1096 1369 1137 eisdem
1402 1097 1569 1139 versari
1612 1097 1786 1138 debeat.
1843 1123 1889 1128 —
1944 1097 2063 1146 Quo-

363 1166 479 1206 circa
510 1171 687 1221 praeter
718 1182 918 1221 examen,
952 1167 1070 1222 quod
1103 1166 1260 1208 haberi
1293 1168 1406 1208 solet
1435 1167 1483 1208 in
1505 1171 1788 1223 promotione
1811 1167 2062 1209 Rhetorum

364 1237 419 1277 ad
461 1237 693 1292 Legio-ani,
742 1238 937 1293 expedit,
985 1242 1086 1294 post
1123 1237 1385 1279 inchoatum
1431 1238 1566 1279 etiam
1606 1238 1809 1293 Logicae
1851 1238 2064 1291 studium,

364 1308 553 1349 Nostros
599 1309 760 1350 iterum
805 1309 1071 1350 examinari:
1137 1309 1181 1349 id
1228 1309 1348 1363 quod
1395 1309 1751 1350 commodissime
1799 1309 1896 1350 fieri
1936 1324 2063 1365 posse

364 1378 547 1419 videtur
591 1384 694 1434 post
739 1380 875 1421 finem
909 1380 1184 1434 Summulae,
1225 1396 1251 1421 a
1283 1396 1372 1435 qua
1405 1381 1631 1422 audienda
1661 1382 1790 1435 nulli,
1830 1395 1887 1421 ne
1918 1381 2061 1422 futuri

365 1449 546 1504 ‹piidem
580 1451 793 1504 Casistae,
827 1456 932 1492 sunt
964 1451 1158 1505 arcendi,
1191 1467 1292 1493 cum
1325 1452 1383 1493 ad
1415 1453 1714 1494 conscientiae
1747 1451 1884 1493 etiam
1920 1452 2061 1493 Casus

364 1520 684 1575 intelligendos
720 1521 862 1577 prosit
899 1536 991 1563 non
1036 1538 1217 1578 parum:
1271 1526 1314 1563 et
1357 1523 1589 1564 Secundae
1630 1529 1637 1576 1
1683 1523 2060 1578 Congregationis

364 1592 470 1633 Can.
509 1595 573 1635 17.
623 1592 679 1633 ad
726 1593 889 1634 altiora
932 1593 1084 1635 studia
1130 1608 1221 1634 non
1268 1595 1599 1650 promouendos
1645 1593 1912 1650 compendio
1952 1593 2059 1634 Dia-

362 1662 546 1703 lecticae
594 1663 721 1704 iubet
768 1678 859 1704 esse
898 1668 1145 1705 contentos.
1210 1664 1309 1705 Hoc
1350 1667 1498 1706 au‘tem
1540 1670 1722 1721 peracto
1770 1664 2061 1706 examinandi

362 1737 467 1774 sunt
499 1748 664 1789 omnes,
705 1740 749 1775 et
781 1750 928 1776 seuere
963 1735 1157 1790 quidem,
1198 1741 1249 1778 vt
1281 1736 1563 1791 singulorum
1596 1736 1788 1777 facultas
1821 1740 1865 1777 et
1897 1735 2061 1776 habili-

361 1810 429 1845 tas
461 1804 726 1859 innotescat,
768 1812 812 1847 et
849 1821 902 1847 ex
941 1822 992 1847 ea
1030 1807 1255 1849 iudicetur
1286 1822 1377 1848 non
1409 1808 1558 1849 minus
1591 1823 1725 1863 quam
1759 1811 1951 1862 quatuor
1984 1806 2058 1849 Vel

362 1875 561 1930 quinque
594 1877 781 1918 Patrum
827 1878 1030 1931 arbitrio,
1071 1879 1234 1933 quibus
1266 1879 1454 1933 quisque
1487 1878 1747 1933 ministerijs
1780 1877 2058 1919 addicendus

362 1946 436 1988 sit:
471 1962 576 1987 nam
609 1948 880 2002 gubernatio
905 1949 1144 1990 Societatis
1176 1954 1381 1991 constare
1412 1964 1504 1992 non
1537 1950 1667 1991 aliter
1699 1953 1861 2005 potest,
1894 1948 1985 1990 nisi
2008 1949 2057 1989 in

361 2019 452 2059 suis
486 2019 671 2074 quisque
703 2020 811 2060 locis
845 2034 894 2060 ac
927 2020 1107 2061 sedibus
1140 2021 1402 2080 collocetur:
1443 2025 1487 2061 et
1518 2020 1651 2061 multi
1683 2019 1904 2061 examinis
1937 2035 2056 2061 seue-

361 2089 494 2130 ritate
561 2090 764 2131 deterriti
831 2106 922 2131 non
991 2091 1270 2132 affectabunt
1320 2091 1681 2147 Philosophiam,
1754 2096 1833 2132 aut
1900 2095 2058 2147 sponte

361 2165 514 2215 petent
545 2162 601 2202 ab
634 2176 684 2202 ea
715 2162 955 2213 remoueri;
993 2164 1307 2203 examinentur
1338 2177 1445 2204 vero
1479 2162 1582 2215 (nisi
1616 2163 1764 2203 obstet
1796 2161 2060 2215 multitudo)

361 2231 494 2272 simul
542 2246 707 2286 omnes,
760 2238 812 2274 vt
845 2233 951 2273 boni
984 2233 1275 2274 stimulentur
1308 2234 1362 2274 ad
1405 2233 1689 2288 diligentiam
1738 2232 1965 2286 maiorem,
2016 2236 2060 2272 et

362 2303 509 2343 minus
554 2303 703 2344 idonei
742 2318 767 2344 a
799 2303 891 2344 suis
931 2305 1066 2345 etiam
1100 2304 1422 2360 condiscipulis
1455 2304 1801 2345 conuincantur.
1864 2303 2056 2344 Possent

361 2377 405 2413 et
437 2375 645 2415 nonnulli
678 2375 969 2430 praemoneri,
1008 2391 1064 2416 ne
1098 2391 1141 2416 se
1173 2381 1401 2431 exponant
1433 2374 1650 2426 examini3
1705 2374 1865 2428 quodsi
1897 2373 2056 2427 velint,

360 2443 636 2485 confusionis
669 2446 921 2487 sustineant
952 2446 1214 2502 periculum.
1283 2446 1330 2488 Si
1360 2446 1437 2500 qui
1466 2460 1570 2487 Vero
1600 2445 1801 2486 honestis
1827 2445 1880 2486 de
1913 2445 2058 2486 causis

360 2515 557 2555 examini
576 2516 855 2558 videbuntur
877 2518 1185 2571 subtrahendi,
1218 2517 1298 2558 fiat
1319 2517 1384 2558 ita
1415 2521 1556 2569 caute,
1589 2521 1640 2557 ut
1670 2517 1727 2557 ab
1749 2516 1850 2572 alijs
1870 2516 2055 2557 minime

363 2584 656 2641 intelligatur,
689 2588 891 2643 alioquin
923 2589 1000 2630 vix
1036 2589 1333 2644 acquiescent.
1397 2588 1584 2628 Possent
1616 2592 1718 2643 post
1750 2587 1834 2628 hoc
1868 2601 2057 2628 examen

360 2657 566 2697 nonnulli
599 2659 755 2699 statim
788 2661 1006 2713 amoueri3
1042 2660 1133 2715 alij,
1167 2674 1353 2714 quorum
1388 2658 1521 2714 paulo
1551 2659 1693 2699 maior
1713 2673 1812 2714 spes
1832 2658 2055 2711 videatur,

362 2727 609 2769 tolerentur
642 2729 698 2770 ad
721 2730 895 2771 Pascha
921 2731 989 2771 vel
1024 2731 1078 2772 ad
1110 2732 1243 2771 finem
1279 2730 1404 2782 anni3
1438 2744 1542 2770 nam
1568 2729 1878 2785 Transalpinis
1911 2743 2056 2770 annus

365 2797 541 2838 videtur
573 2798 890 2853 indulgeudus.
943 2802 1031 2851 Qui
1065 2816 1169 2843 vero
1202 2800 1437 2841 amonendi
1472 2804 1590 2854 sunt,
1624 2815 1759 2855 quam
1792 2799 2055 2841 suauissime

362 2868 452 2908 fieri
488 2873 648 2923 potest,
687 2875 995 2923 amoueantur,
1035 2875 1214 2926 sumpta
1252 2871 1483 2913 occasione
1525 2871 1713 2912 alicuius
1751 2871 2054 2924 necessitatis;

362 2944 541 2993 possent
587 2940 722 2980 etiam
771 2942 994 2995 nonnulli,
1042 2942 1096 2983 de
1142 2942 1305 2996 quibus
1352 2942 1452 2998 plus
1493 2942 1692 2996 timetur,
1740 2947 1843 2983 ante
1876 2956 2054 2983 cursum

508 3035 518 3053 ¹
545 3034 613 3068 Die
638 3035 752 3069 ‹Iritte
781 3035 1090 3079 Unterabteilung
1116 3037 1179 3069 cler
1206 3036 1504 3070 Konstitutionen
1531 3037 1643 3070 heil'st
1678 3036 1757 3070 hier
1783 3036 1865 3070 bald
1896 3039 2049 3078 „num.“,

362 3092 443 3127 bald
472 3096 548 3137 „5⁸⁸
601 3093 691 3128 Eine
717 3084 918 3138 iinderung
945 3095 1007 3129 des
1033 3095 1166 3129 'rextes
1194 3096 1303 3129 stand
1329 3106 1395 3130 uns
1422 3095 1522 3129 nicht
1548 3106 1604 3131 zu.
