2148 3402
643 168 686 207 R.
700 175 747 207 st.
763 172 863 207 1586.
913 168 1082 207 Studium
1107 168 1234 216 philos.
1702 163 1783 207 131

95 292 297 336 omnium
329 296 539 335 textuum
571 293 629 335 ad
668 291 923 350 propositae
961 293 1025 333 rei
1063 307 1283 333 summam
1324 294 1636 349 spectantium,
1685 309 1786 336 cum

94 378 146 406 ea
177 363 231 406 de
261 378 308 405 re
338 362 456 405 nihil
489 363 579 405 fere
611 363 789 405 definiri
820 362 978 419 possit,
1010 362 1098 405 nisi
1128 367 1360 419 perspecta
1391 363 1516 419 prius
1548 369 1645 406 tota
1678 365 1787 406 serie

94 434 413 492 disputationis
458 434 786 487 Aristotelicae,
837 438 1056 489 tanquam
1108 433 1404 475 fundamento
1457 435 1785 490 quaestionum,

92 520 206 562 quae
237 508 627 561 superstruuntur:
681 503 801 560 quod
832 507 884 546 vt
915 508 1128 557 seruetur,
1161 518 1432 561 magnopere
1463 519 1556 546 non
1587 504 1787 558 interest,

92 576 130 618 si
161 591 213 618 ea
243 576 298 618 de
331 590 465 618 causa
495 590 670 617 necesse
701 576 762 617 sit
791 578 892 617 tota
923 590 1014 618 vna
1047 574 1200 630 aliqua
1232 579 1311 617 aut
1342 574 1484 617 altera
1514 575 1707 617 lectione
1740 576 1787 617 in

92 645 349 688 Aristotelis
388 645 538 689 verbis
577 645 839 688 enarrandis
876 644 1056 688 haerere
1096 645 1410 701 Professorem,
1456 648 1563 702 quia
1608 647 1788 688 honori-

90 717 227 760 ficum
257 721 324 759 est
354 721 399 759 et
428 731 521 759 non
551 716 784 772 ingratum
816 716 1122 772 ScholasticiS,
1155 717 1194 759 si
1225 718 1453 772 iuuentur,
1485 721 1537 760 vt
1567 717 1789 759 Aristote-

89 788 179 830 lem
209 788 348 845 probe
378 787 659 845 possideant:
707 787 886 830 leuatur
916 787 1056 830 etiam
1087 788 1293 830 molestia
1324 792 1422 831 tum
1455 787 1603 844 dubijs
1634 788 1785 830 litera-

89 859 220 913 libus,
258 863 357 902 tum
387 858 690 914 insigniorum
721 862 928 901 textuum
958 859 1125 901 illustri
1161 859 1548 916 interpretatione,
1590 863 1689 901 tum
1720 859 1787 900 in-

89 930 221 973 sertis
267 929 533 986 aduenticijs
577 929 929 985 quaestionibus,
973 934 1071 973 tum
1103 931 1236 973 celeri
1267 930 1456 973 decursu
1487 934 1708 985 textuum,
1750 930 1786 971 si

91 1016 245 1045 eorum
277 1016 369 1044 vna
401 1001 554 1057 aliqua
584 1004 765 1043 tantum
795 1000 1105 1058 interpretatio
1137 1001 1370 1057 seligatur.

231 1072 403 1123 Quodsi
434 1075 671 1114 contextus
702 1071 757 1113 de
789 1086 880 1114 vna
912 1071 1067 1128 aliqua
1099 1072 1288 1115 materia
1309 1087 1451 1129 aequo
1473 1072 1691 1130 prolixior
1712 1072 1785 1127 sit,

88 1149 142 1188 vt
162 1144 230 1187 De
257 1142 499 1200 Principijs
530 1142 847 1200 generationiS,
879 1142 947 1184 De
969 1143 1139 1198 Causis,
1172 1143 1241 1185 De
1262 1145 1393 1187 Motu
1415 1149 1513 1199 etc.,
1546 1158 1639 1186 non
1670 1148 1786 1185 esset

87 1219 209 1258 totus
239 1218 475 1257 contextus
506 1213 845 1271 anteponendus
875 1214 1233 1270 quaestionibus,
1272 1215 1348 1258 sed
1382 1230 1483 1258 cum
1520 1215 1614 1257 illis
1651 1219 1785 1271 grata

89 1286 187 1330 vice
209 1285 572 1342 coniungendus;
605 1289 651 1327 et
682 1285 731 1327 in
762 1284 919 1342 primis
951 1290 1195 1329 caueantur
1216 1290 1449 1341 tractatuS,
1483 1286 1647 1343 quibus
1668 1285 1785 1328 nihil

88 1357 338 1411 molestius;
371 1355 448 1398 sed
479 1355 762 1398 difficultatis
794 1360 944 1413 partes
976 1357 1024 1399 in
1056 1372 1159 1400 suas
1191 1357 1457 1400 diuidantur
1487 1357 1784 1414 quaestiones,

87 1433 189 1486 post
220 1428 420 1485 aliquam
451 1431 602 1470 textus
622 1431 798 1484 partem
819 1426 1184 1484 interponendas.
1232 1428 1373 1470 Porro
1396 1428 1626 1485 expediret
1648 1442 1785 1484 quam

87 1499 297 1554 maxime,
330 1498 368 1541 si
400 1498 473 1541 oui
503 1498 772 1541 Nostrorum
802 1498 852 1540 in
884 1498 1080 1553 Graecis,
1112 1498 1161 1541 in
1191 1498 1384 1554 Latinis,
1417 1498 1463 1541 in
1487 1498 1784 1555 Philosophia

87 1570 389 1615 versatissimo
427 1569 724 1612 demandetur
761 1569 998 1627 prouincia
1034 1569 1366 1627 interpretandi
1396 1570 1689 1612 Aristotelem
1727 1584 1781 1612 ex

88 1642 260 1685 Graeco
303 1641 352 1684 in
390 1640 611 1684 Latinum
656 1655 918 1692 sermonem,
965 1639 1168 1698 reltenta,
1212 1645 1432 1698 quantum
1476 1641 1574 1683 fieri
1619 1644 1779 1698 potest,

87 1712 334 1756 sententiae
383 1712 702 1756 Aristotelicas
753 1713 961 1755 veritate:
1029 1727 1082 1754 ea
1138 1716 1292 1755 tamen
1337 1712 1681 1769 perspicuitate,
1729 1715 1782 1754 vt

86 1798 167 1841 per
205 1799 250 1826 se
289 1783 425 1826 etiam
460 1782 659 1839 intelligi
695 1782 837 1840 possit
874 1782 930 1825 ab
963 1797 1037 1837 eo,
1083 1783 1161 1839 qui
1191 1797 1285 1826 non
1316 1783 1377 1826 sit
1415 1782 1596 1840 penitus
1628 1782 1782 1825 Philo-

86 1853 268 1912 sophiae
299 1854 497 1912 ignarus,
530 1853 707 1896 etiamsi
738 1853 835 1911 ipsa
865 1854 1004 1897 verba
1034 1854 1165 1897 aliter
1197 1858 1242 1897 et
1273 1854 1405 1897 aliter
1466 1853 1779 1909 construenda,

87 1929 168 1968 aut
207 1925 445 1969 formanda
489 1929 664 1980 essent,
711 1924 954 1968 dummodo
1004 1924 1183 1981 integra
1236 1929 1418 1967 maneat
1464 1924 1781 1967 Aristotelicae

86 1996 316 2039 doctrinae
366 1996 617 2040 sinceritas:
681 1995 808 2039 euius
860 1996 999 2038 etiam
1049 1995 1270 2039 versionis
1322 1996 1380 2039 ad
1431 1996 1568 2039 finem
1620 1996 1780 2053 operis,

87 2068 291 2125 exemplo
321 2067 548 2123 Lambini,
581 2067 708 2110 reddi
738 2071 921 2125 possent
950 2067 1148 2110 rationes
1179 2082 1257 2124 per
1289 2067 1483 2124 singula,
1523 2067 1698 2110 collatis
1730 2082 1781 2109 ac

85 2139 314 2196 perpensis
346 2138 531 2182 Graecis
552 2138 820 2195 Latinisque
849 2139 1096 2182 vocabulis.
1159 2138 1214 2181 Id
1246 2140 1366 2182 enim
1399 2143 1444 2181 et
1474 2139 1599 2196 operi
1630 2143 1782 2182 aucto-

88 2209 270 2252 ritatem
302 2214 597 2267 compararet,
630 2214 675 2252 et
705 2225 919 2266 magnam
951 2210 1129 2252 afferret
1158 2210 1305 2253 lucem
1336 2210 1532 2253 tenebris
1560 2209 1779 2252 Aristote—

85 2280 201 2336 licis;
235 2285 371 2338 atque
401 2281 509 2324 huic
539 2281 740 2325 versioni
770 2295 938 2337 magno
969 2286 1084 2324 esset
1115 2281 1350 2339 praesidio,
1383 2282 1422 2323 si
1451 2280 1629 2338 plenior
1661 2295 1780 2323 acce-

87 2352 212 2395 deret
244 2352 604 2408 commentarius,
636 2353 906 2396 Nostrorum
937 2366 1071 2410 opera
1103 2352 1386 2409 compilatus.

228 2426 268 2467 6.
299 2423 493 2479 Logicae
525 2423 762 2466 Summula
791 2423 1125 2481 praemittatur,
1168 2428 1214 2465 et
1245 2423 1481 2466 Summula
1513 2423 1696 2479 quidem
1728 2424 1778 2465 P.

86 2494 310 2537 Fonsecae
332 2499 447 2537 esset
464 2493 581 2537 forte
601 2494 748 2551 magis
775 2494 832 2537 ad
863 2509 978 2538 rem:
1011 2494 1117 2551 quia
1146 2493 1294 2549 latior,
1327 2494 1502 2549 clarior,
1535 2507 1781 2536 accommo-

86 2564 235 2607 datior
255 2564 505 2621 Aristoteli,
538 2569 582 2607 et
602 2565 698 2608 sine
719 2566 858 2621 tricis,
892 2581 1006 2622 quae
1037 2570 1082 2608 et
1111 2565 1296 2608 inutiles
1324 2569 1445 2620 sunt,
1478 2569 1523 2607 et
1554 2564 1781 2607 deterrent

86 2635 276 2681 tirones:
309 2635 447 2678 immo
481 2640 526 2678 et
556 2651 611 2678 ex
641 2635 696 2692 ijs
726 2636 861 2691 longe
892 2636 1042 2692 plures
1072 2634 1218 2678 adhuc
1250 2639 1396 2677 essent
1416 2634 1680 2677 recidendae
1702 2649 1780 2691 per

87 2705 235 2763 ipsum
256 2708 518 2761 Fonsecam,
551 2707 626 2750 vel
646 2721 779 2764 opera
800 2706 1124 2749 Professorum.
1176 2706 1233 2748 In
1254 2705 1522 2762 explicanda
1545 2705 1781 2748 Summula

88 2776 175 2819 duo
208 2792 379 2819 menses
412 2777 700 2832 collocentur,
739 2777 846 2834 quia
885 2777 1055 2819 tirones
1093 2791 1261 2832 magna
1297 2782 1433 2833 egent
1463 2777 1777 2834 explicatione,

89 2851 133 2888 et
155 2847 280 2890 satis
319 2863 537 2904 magnum
582 2852 759 2904 tempus
805 2848 1003 2904 Logicae
1048 2848 1279 2904 supererit,
1326 2848 1364 2890 si
1403 2846 1779 2904 Metaphysicalia

87 2924 358 2962 resecentur:
392 2933 473 2960 nec
504 2918 665 2960 inutile
693 2919 778 2961 erit
799 2919 1079 2961 Summulam
1103 2919 1345 2975 explanate
1368 2934 1419 2961 ac
1438 2919 1568 2975 plene
1588 2918 1776 2970 tradere,

89 3002 188 3030 oum
227 2989 400 3045 aliquos
440 3004 491 3031 ea
537 2993 771 3031 contentos
811 3004 902 3031 esse
948 2993 1155 3046 oporteat
1205 2990 1475 3032 transituros
1522 2993 1676 3045 postea
1720 2986 1776 3028 ad

90 3060 384 3103 conscientiae
416 3060 569 3114 Casus,
601 3059 659 3102 ad
681 3060 1031 3116 Controuersias,
1065 3060 1121 3103 ad
1152 3061 1296 3116 Leges
1329 3065 1411 3107 etc,
1473 3059 1594 3101 Dum
1627 3062 1777 3100 autem

1523 3141 1565 3177 9*

1801 1666 1829 1691 p.
1844 1658 1904 1684 181.
