2089 3381
508 153 551 188 R.
572 158 617 189 st.
639 153 739 189 1586.
799 152 926 188 Praxis
952 155 990 186 et
1015 150 1111 186 Ordo
1139 150 1353 186 studiorum.
1719 139 1774 182 65

84 273 272 317 verbum
303 273 512 315 habenda
543 272 601 314 sit
626 272 675 314 in
696 270 861 313 nostris
882 269 1022 311 literis
1045 269 1215 310 mentio
1237 267 1454 324 specialis.
1517 268 1644 310 Nulli
1668 281 1774 323 ergo

85 344 268 386 omnino
299 343 534 386 hominum
565 343 699 385 liceat
730 341 846 383 hano
877 339 1091 396 paginam
1123 344 1300 381 nostrae
1338 338 1656 392 damnationis,
1690 338 1775 379 cir-

83 415 458 471 cumscriptionis,
491 412 766 466 abolitionis,
787 411 1030 465 interdicti,
1055 410 1234 464 decreti,
1258 409 1474 463 mandati,
1503 408 1778 465 priuationis

83 490 128 527 et
157 485 468 527 innodationis
499 484 758 540 infringere,
791 483 864 525 vel
895 482 936 523 ei
964 484 968 536 Ι
998 496 1109 524 ausu
1140 481 1376 522 temerario
1409 481 1661 523 contraire.
1726 481 1775 523 Si
1797 507 1824 530 p.
1848 499 1890 524 es.

84 556 184 612 quis
216 561 368 598 autem
398 556 483 598 hoc
515 558 737 597 attentare
768 552 1130 610 praesumpserit,
1163 552 1527 608 indignationem
1560 551 1777 607 Omnipo-

84 628 222 669 tentis
255 627 352 681 Dei,
387 643 438 669 ac
468 627 713 668 Beatorum
730 624 854 666 Petri
884 628 930 665 et
961 623 1108 677 Pauli,
1130 623 1450 679 Apostolorum
1482 623 1589 677 eius,
1622 637 1667 663 se
1698 637 1778 663 no-

82 697 198 740 uerit
239 698 537 741 incursurum.
599 697 771 738 Datum
814 696 986 737 Romae
1031 694 1151 751 apud
1193 696 1236 738 S.
1266 695 1464 735 Petrum.
1528 695 1664 735 Anno
1702 693 1778 734 In-

82 767 356 810 carnationis
373 766 638 809 Dominioae
649 766 888 808 Millesimo
904 765 1267 821 quingentesimo
1282 765 1559 820 sexagesimo
1575 764 1780 820 septimo,

82 839 187 881 Kal.
211 838 430 882 Octobris,
493 837 793 880 Pontificatus
823 837 970 879 nostri
1002 851 1119 878 anno
1161 837 1369 881 secundo,
1434 836 1669 878 Caeterum
1703 849 1781 877 vo-

82 910 243 964 lumus,
274 914 327 952 vt
357 908 598 950 earundem
628 908 860 949 literarum
882 907 1030 949 tenori
1052 907 1126 949 hic
1148 907 1316 949 inserto
1347 907 1428 948 illa
1461 907 1560 963 ipsa
1595 906 1779 948 omnino

82 979 215 1022 Fides
255 978 524 1021 adhibeatur
564 978 833 1034 vbicunque,
879 983 923 1020 et
968 978 1337 1034 quandocunque,
1378 978 1471 1019 siue
1514 978 1563 1019 in
1593 976 1781 1030 iudiciO,

81 1051 176 1093 siue
207 1049 318 1092 alibi
347 1050 426 1092 ille
457 1049 595 1091 fuerit
625 1049 871 1104 exhibitus,
903 1050 977 1092 vel
999 1053 1218 1101 ostensuS,
1251 1049 1368 1091 sicut
1389 1049 1512 1091 illius
1544 1048 1780 1103 originali-

83 1122 165 1164 bus
194 1121 359 1163 litteris
380 1120 622 1177 praedictis
643 1120 943 1175 adhiberetur,
976 1120 1014 1162 si
1044 1121 1167 1178 ipsae
1190 1121 1514 1163 exhiberentur
1533 1120 1608 1162 vel
1628 1123 1779 1162 osten-

84 1192 310 1234 derentur.
377 1191 507 1234 Nulli
553 1206 658 1247 ergo
706 1192 890 1234 omnino
936 1192 1171 1234 hominum
1216 1191 1352 1233 liceat
1396 1192 1512 1234 hanc
1557 1190 1776 1248 paginam

83 1268 263 1306 nostrae
299 1263 549 1306 voluntatis
586 1263 849 1318 infringere,
889 1263 962 1305 vel
1001 1263 1042 1304 ei
1080 1278 1191 1305 ausu
1229 1262 1466 1304 temerario
1506 1266 1663 1304 contra
1703 1261 1779 1303 ire.

85 1335 136 1378 Si
165 1334 264 1390 quis
296 1338 448 1377 autem
478 1334 565 1376 1100
596 1338 820 1376 attentare
850 1334 1208 1391 praesumpserit,
1242 1333 1606 1389 indignationem
1627 1333 1782 1376 Omni-

82 1406 282 1463 potentis
314 1405 414 1460 Dei,
453 1420 505 1448 ac
535 1406 781 1448 Beatorum
812 1405 937 1447 Petri
967 1409 1011 1447 et
1042 1404 1186 1460 Pauli,
1224 1405 1548 1462 Apostolorum
1586 1404 1695 1459 eius,
1736 1418 1783 1445 se

44 1482 50 1484 “
85 1478 264 1520 nouerit
295 1477 593 1520 incursurum.
631 1504 681 1509 -—
715 1477 819 1519 Dat.
842 1477 1014 1518 Romae
1047 1476 1168 1533 apud
1196 1477 1416 1519 Sanctum
1438 1477 1625 1518 Petrum
1646 1476 1782 1517 Anno

85 1549 421 1591 Incarnationis
459 1549 725 1592 Dominicae
767 1550 894 1593 1579.
968 1547 1139 1597 Quarto
1175 1548 1280 1590 Kal.
1312 1548 1444 1590 Febr.
1476 1546 1783 1589 Pontificatus

85 1619 230 1661 nostri
262 1634 380 1662 anno
413 1624 590 1663 octauo.

853 1945 947 1986 ΝΥ.
971 1943 1016 1985 s.

460 2047 673 2111 Praxis
717 2048 792 2111 Et
836 2047 988 2111 Ordo
1034 2047 1404 2112 Studiorum.
1806 2077 1900 2108 m.

228 2191 587 2235 Constitutiones
623 2191 673 2233 in
711 2195 751 2235 4.
784 2192 908 2235 Part.
944 2191 1091 2247 Capit.
1128 2193 1217 2235 13.:
1286 2191 1384 2247 „Ad
1423 2190 1677 2245 tractanda,
1721 2191 1789 2232 in-

86 2264 264 2319 quiunt,
295 2267 390 2305 tam
420 2262 691 2305 facultatum
723 2262 989 2305 inferiorum
1031 2277 1166 2318 quam
1197 2261 1470 2317 Theologiae
1509 2261 1660 2303 studia
1701 2261 1790 2302 dis-

87 2334 251 2390 positio
291 2338 335 2376 et
376 2334 484 2376 ordo
526 2334 797 2376 conueniens
835 2338 928 2375 tam
964 2348 1110 2388 mane,
1151 2348 1288 2389 quam
1319 2332 1504 2388 Vesperi
1543 2331 1790 2374 seruandus

88 2410 167 2447 est.
230 2406 291 2447 Et
323 2405 529 2461 quamuis
550 2419 631 2462 pro
653 2405 912 2461 Regionum
935 2408 980 2446 et
1000 2409 1253 2461 temporum
1273 2403 1540 2446 diuersitate
1561 2403 1611 2445 in
1633 2402 1790 2445 ordine

88 2480 133 2518 et
165 2476 350 2518 statutis
376 2475 498 2518 horis
519 2475 668 2518 studio
688 2475 944 2519 tribuendis
975 2475 1119 2532 possit
1150 2474 1350 2529 varietas
1378 2474 1600 2528 accidere3
1636 2488 1789 2516 omnes

87 2551 241 2589 tamen
272 2547 322 2589 in
353 2561 403 2589 eo
436 2546 720 2601 conueniant,
743 2551 796 2589 vt
817 2546 986 2601 ubique
1006 2545 1101 2600 fiat,
1133 2545 1256 2601 quod
1273 2545 1392 2587 inibi
1414 2545 1560 2601 magis
1581 2544 1789 2602 expedire

89 2618 146 2659 ad
178 2618 396 2660 maiorem
425 2618 475 2659 in
506 2618 649 2659 literis
680 2617 933 2674 profectum
964 2616 1343 2659 existimabitur.“

231 2689 293 2731 Et
339 2689 389 2731 in
438 2689 752 2731 Declaratione
783 2690 844 2731 A:
907 2688 1002 2743 „De
1039 2687 1237 2741 statutis,
1276 2686 1505 2742 inquiunt,
1544 2687 1791 2730 lectionum

89 2759 222 2814 horis,
256 2759 410 2803 ordine
442 2774 492 2801 ac
523 2759 669 2813 modo,
702 2764 747 2801 et
777 2758 830 2800 cle
863 2758 1264 2800 exercitationibus
1295 2763 1388 2800 tam
1413 2757 1789 2814 compositionum

91 2833 219 2887 (quas
251 2846 277 2873 a
307 2830 538 2885 magistris
570 2830 799 2872 emendari
832 2833 1022 2885 oportet)
1056 2844 1192 2884 quam
1229 2829 1589 2885 disputationum
1621 2828 1669 2870 in
1701 2843 1792 2869 om-

89 2901 223 2943 nibus
254 2901 565 2954 facultatibus,
598 2905 644 2942 et
675 2900 1007 2958 pronunciandi
1039 2899 1217 2956 publice
1249 2899 1474 2942 orationes
1504 2904 1548 2941 et
1576 2898 1790 2951 carmina,

90 2972 324 3028 speciatim
354 2972 404 3014 in
436 2971 630 3027 quodam
662 2975 862 3014 tractatu
893 2986 972 3028 per
993 2971 1259 3013 Generalem
1285 2969 1601 3027 Praepositum
1634 2982 1792 3025 appro-

91 3042 198 3085 bato
231 3047 389 3099 agetur
420 3057 631 3096 seorsum,
665 3042 721 3083 ad
755 3057 888 3098 quem
919 3042 1029 3084 haec
1061 3041 1338 3085 Constitutio
1370 3055 1453 3083 nos
1486 3039 1706 3092 remittit;
1745 3038 1793 3080 id

169 3137 357 3164 nouumeuta
375 3138 552 3164 Germaniae
571 3137 767 3169 Paedagogica
786 3138 809 3162 V
1561 3123 1582 3156 5
