2143 3462
136 2688 184 2704 la?
206 2687 218 2703 S
239 2685 293 2702 cun
320 2686 335 2701 Ο

337 191 424 234 334

525 198 634 236 Ratio
661 199 867 236 studiorum
895 204 933 236 et
961 199 1218 236 institutiones
1245 196 1488 234 scholasticae
1513 196 1709 234 Societatis
1734 196 1823 235 Jesu
1847 197 1885 234 II

337 326 511 364 caetera
540 322 588 364 in
620 326 894 379 postremum
915 321 1093 377 rejiciat
1115 335 1190 362 an-

337 408 466 447 num;
502 393 556 435 de
589 393 800 449 analogia
830 397 982 434 tamen
1015 396 1060 433 et
1079 391 1190 433 rela-

338 465 476 519 tione,
511 465 725 520 quoniam
751 463 1111 520 frequentissime
1141 461 1190 502 in

340 535 666 592 disputationes
714 535 907 589 cadunt,
969 538 1190 590 quantum

340 607 449 648 satis
482 611 563 662 est,
598 612 706 663 agat
736 606 784 648 in
816 606 1003 661 Logica.

1369 318 1438 364 ll.

1227 396 1347 440 gicis.]
1404 389 1503 439 Quo
1539 394 1739 447 tempore
1778 389 1925 447 prima
1960 389 2074 444 logi-

1228 476 1303 503 cae
1350 461 1572 513 elementa
1614 465 1872 518 praeceptor
1917 460 2074 515 tradit,

1227 547 1308 574 nec
1345 531 1439 589 ipse
1476 547 1559 574 nec
1605 531 1699 588 ejus
1745 531 1973 574 auditores
2020 531 2076 573 ad

1510 324 1624 370 [Quae
1650 323 1918 368 disputationes
1937 334 2001 368 pro
2022 324 2073 358 lo-

1207 606 1211 664 l
1227 603 1309 645 has
1324 603 1650 660 disputationes
1668 602 1955 646 conveniant.
1977 602 2075 644 Imo
2128 607 2129 610 ’

605 682 641 731 ξ.
665 681 706 722 4.
739 677 928 719 Librum
944 665 1374 734 secundumlprima
1406 678 1485 716 aut
1516 674 1657 716 altera
1694 673 1978 716 hebdomada
2010 673 2073 714 10-

339 749 689 808 perihermenias
729 748 837 806 (περὶ
870 748 1107 806 ἑρμηνείας)
1147 750 1191 788 et

341 822 495 864 ambos
512 822 712 878 priorum
727 819 879 873 libros,
897 823 1075 875 praeter
1089 821 1190 860 octo

340 894 411 936 vel
458 907 623 936 novem
666 892 811 948 prima
855 890 1005 947 capita
1042 888 1190 946 primi,

342 964 606 1022 compendio
674 966 924 1020 percurrat3
995 965 1194 1018 exponat

341 1042 493 1078 tamen
523 1034 727 1092 proprias
748 1033 863 1076 illisl
893 1033 1191 1090 quaestiones,

346 1107 603 1150 brevissime
646 1119 753 1148 vero
801 1120 920 1159 eam,
967 1119 1080 1161 quae
1126 1107 1193 1145 est

342 1179 396 1221 de
433 1176 824 1234 contingentibUS,
862 1177 910 1219 in
949 1191 1037 1232 qua
1075 1175 1192 1218 nihil

344 1250 397 1292 de
429 1250 571 1291 libero
605 1248 807 1293 arbitrio.

623 1324 662 1374 ξ.
696 1322 736 1365 5.
800 1320 955 1376 Atque
971 1323 1024 1361 ut
1040 1333 1193 1361 secun-

343 1393 426 1435 dus
459 1407 605 1435 annus
636 1391 815 1448 integer
841 1391 973 1434 rebus
993 1389 1193 1448 physicis

343 1465 584 1519 tribuatur,
617 1464 666 1505 in
697 1463 785 1505 fine
815 1462 951 1520 primi
974 1461 1082 1504 anni
1103 1460 1194 1518 ple-

342 1537 443 1579 nior
451 1536 722 1579 instituatur
731 1533 981 1592 disputatio
991 1533 1045 1575 de
1055 1533 1195 1574 scien-

341 1609 420 1663 tia,
452 1609 499 1649 in
532 1621 720 1663 eamque
758 1605 1058 1662 conjiciantur
1095 1618 1196 1662 pro-

343 1679 580 1735 legomena
625 1677 848 1734 Physicae
897 1676 1097 1719 maxima
1140 1690 1194 1717 ex

343 1755 486 1807 parte,
519 1754 571 1792 ut
610 1749 904 1791 scientiarum
936 1747 1196 1802 divisiones,

346 1822 685 1876 abstractiones,
704 1820 1051 1878 speculativum,
1070 1833 1196 1876 prac-

345 1894 501 1949 ticum,
519 1892 861 1947 subalternatio,
878 1892 1080 1935 diversus
1091 1905 1199 1947 quo-

349 1979 434 2021 que
455 1963 726 2021 procedendi
742 1963 903 2005 modus
928 1963 976 2004 in
999 1961 1199 2020 physicis

348 2041 393 2078 et
423 2035 770 2091 mathematicis,
803 2034 856 2076 de
889 2049 976 2090 quo
1009 2033 1198 2076 Aristot.

349 2107 397 2149 in
429 2108 458 2149 l.
494 2111 533 2152 2.
566 2106 722 2163 Phys„
763 2106 945 2148 demum
976 2104 1200 2162 quidquid

350 2180 404 2221 de
452 2179 717 2221 definitione
765 2178 934 2220 (licitur
981 2177 1009 2219 1.
1059 2180 1099 2221 2.
1147 2175 1200 2218 de

351 2251 515 2294 anima.

626 2326 663 2375 ξ.
697 2325 736 2366 6.
799 2321 872 2363 Ex
891 2320 1070 2378 Topicis
1095 2334 1202 2363 vero

350 2399 394 2435 et
426 2393 639 2436 Elenchis
669 2393 758 2435 loci
789 2397 834 2435 et
859 2391 1067 2435 fallaciae
1086 2406 1204 2433 com-

351 2465 599 2507 modiorem
646 2465 695 2507 in
742 2464 948 2506 ordinem
995 2463 1202 2505 redactae

352 2536 511 2578 melius
543 2536 830 2594 explicantur
851 2535 984 2577 initio
1006 2535 1203 2591 Logicae

353 2607 401 2648 in
433 2622 620 2652 summa.

499 2678 574 2724 10.
638 2682 674 2734 ξ.
711 2683 748 2724 1.
813 2677 1063 2722 Secundo
1085 2691 1202 2719 anno

353 2751 548 2807 explicet
564 2750 703 2792 libros
720 2754 822 2792 octo
845 2749 1042 2806 Physic.,
1066 2748 1204 2790 libros

354 2823 409 2864 de
441 2822 578 2864 Coelo
610 2827 655 2863 et
686 2822 882 2878 primum
916 2822 969 2863 (le
992 2821 1203 2862 Generat.

356 2895 411 2936 In
453 2899 554 2936 octo
598 2894 675 2935 lib.
717 2893 899 2949 Physic.
942 2890 1205 2948 compendio

356 2965 563 3008 tradatur
615 2969 767 3007 textus
822 2964 925 3006 libri
983 2966 1023 3007 6.
1065 2967 1110 3004 et
1150 2965 1204 3015 7.,

505 3121 515 3140 ²
547 3129 599 3163 pr.
625 3118 783 3153 illorum.

1229 745 1321 801 gici
1352 745 1469 787 nihil
1500 745 1746 802 disputent,
1779 759 1871 786 una
1891 744 1982 786 fere
2013 758 2078 785 re-

1228 832 1329 859 rum
1343 816 1660 873 explanatione
1677 815 1896 869 contenti;
1917 830 1971 856 ex
1989 829 2077 871 quo

1229 893 1431 945 tempore
1469 891 1687 945 poterunt
1723 887 1772 929 in
1808 901 1889 929 sua
1927 885 2080 928 schola

1229 959 1464 1002 defendere
1493 959 1641 1001 theses
1673 958 1846 1014 aliquas
1877 956 1950 999 die
1980 956 2079 998 sab-

1230 1030 1342 1073 bati.

1372 1101 1445 1148 12.
1508 1101 1602 1145 Ubi
1633 1115 1726 1144 non
1757 1105 1825 1143 est
1853 1099 1942 1142 nisi
1963 1114 2080 1141 unus

1230 1173 1539 1231 philosophiae
1587 1172 1831 1229 professor,
1883 1175 1950 1213 ter
1999 1175 2079 1213 aut

1231 1249 1391 1302 quater
1420 1245 1469 1287 in
1500 1258 1619 1287 anno
1657 1243 1869 1285 instituat
1907 1242 2080 1298 aliquas

1232 1316 1559 1374 disputationes
1590 1315 1706 1358 festo
1739 1314 1887 1357 aliove
1918 1313 2079 1355 feriato

1232 1388 1323 1443 die3
1356 1389 1493 1445 idque
1525 1402 1576 1430 ea
1607 1386 1794 1441 ratione,
1826 1390 1880 1429 ut
1901 1399 1993 1427 non
2014 1384 2081 1426 in-

1231 1460 1490 1503 fructuosus
1546 1458 1652 1501 inde
1704 1457 1865 1500 studiis
1915 1456 2082 1499 nostris

1231 1531 1383 1574 fervor
1414 1530 1610 1573 accedat.

1233 1682 1404 1727 tatione]
1457 1673 1533 1716 Sic
1567 1673 1623 1715 ab
1654 1672 1751 1730 ipso
1791 1670 1967 1726 logicae
1998 1668 2083 1711 ini-

1235 1749 1300 1791 tio
1326 1748 1516 1805 juvenes
1538 1744 1853 1798 instituantur,
1884 1745 1937 1784 ut
1966 1740 2083 1782 nihil

1235 1835 1309 1862 eos
1340 1818 1488 1874 magis
1518 1817 1686 1875 pudeat
1716 1815 1765 1857 in
1798 1812 2086 1871 disputandO,

1237 1906 1372 1948 quam
1396 1905 1421 1932 a
1443 1890 1613 1932 formae
1632 1886 1807 1930 ratione
1833 1883 2085 1937 deflexisse3

1235 1962 1354 2005 nihil
1380 1961 1436 2004 ab
1453 1961 1545 2003 illis
1567 1958 1766 2002 severius
1784 1956 1940 2011 exigat
1956 1955 2088 1996 Prae-

1237 2039 1404 2092 ceptor,
1438 2047 1574 2089 quam
1607 2028 1869 2088 disputandi
1896 2027 2015 2082 leges
2037 2041 2087 2067 ac

1238 2110 1382 2149 statas
1411 2105 1546 2147 vices.
1608 2103 1767 2158 Itaque
1799 2100 1878 2156 qui
1908 2111 2088 2155 respon-

1240 2178 1316 2221 det
1345 2179 1520 2234 repetat
1550 2175 1747 2233 primum
1778 2175 1923 2213 totam
1955 2183 2088 2224 argu-

1239 2247 1579 2301 mentationem,
1626 2244 1745 2287 nihil
1786 2242 1842 2285 ad
1884 2240 2087 2296 singulas

1239 2318 1569 2379 propositiones
1614 2313 1942 2373 respondendo;
1991 2316 2089 2354 tum

1240 2393 1405 2435 iterum
1461 2388 1811 2447 propositiones,
1863 2384 2088 2439 addatque

1245 2462 1507 2519 „Concedo“
1552 2460 1624 2503 vel
1666 2459 1821 2517 „Nego
1860 2454 2088 2511 majorem,

1241 2534 1473 2587 minorem,
1496 2528 1905 2586 consequentiam.“
1947 2526 2090 2568 Inter-

1242 2606 1350 2648 dum
1397 2603 1534 2645 etiam
1574 2602 1851 2656 distinguat:
1894 2598 2091 2641 declara-

1240 2676 1386 2719 tiones
1418 2679 1567 2717 autem
1606 2673 1681 2717 vel
1719 2671 1938 2725 rationes,
1978 2683 2092 2725 quae

1242 2747 1430 2803 allegari
1472 2746 1635 2800 solent,
1671 2743 1831 2787 invitis
1875 2756 1967 2784 non
2015 2741 2090 2783 ob-

1243 2819 1409 2861 trudat.

1384 2889 1459 2936 14.

1244 2969 1360 3010 usus]
1403 2960 1468 3004 Ut
1484 2960 1533 3002 in
1548 2960 1633 3002 hac
1656 2958 1922 3002 scholastica
1930 2956 2089 3007 forma,

1511 1608 1654 1654 [Forma
1679 1606 1876 1642 dialectica
1901 1605 1940 1641 in
1960 1604 2082 1648 ‹lispu-
2124 1587 2126 1591 ’

1523 2894 1687 2940 [vitandi
1706 2894 1742 2928 in
1762 2891 2010 2937 disputatione
2030 2889 2089 2924 ab·
