2153 3467
307 163 395 204 484
485 171 595 206 Ratio
622 169 824 206 studiorum
850 173 887 204 et
911 168 1167 204 institutiones
1191 166 1432 203 scholasticae
1457 166 1652 202 Societatis
1677 167 1766 203 Jesu
1789 167 1827 203 II

308 289 613 332 Prouinciales
644 287 978 345 perscribetur.¹
1039 288 1107 329 De
1136 287 1192 328 iis
1223 299 1349 340 vere,
1390 285 1469 341 qui
1507 285 1563 327 ad
1599 285 1805 342 publicas
1835 286 2033 343 disputa-

308 361 450 403 tiones
482 359 706 417 prodituri
737 363 855 413 sunt,
889 373 989 400 cum
1029 372 1216 399 examen
1247 356 1333 398 1100
1367 356 1582 413 priuatim
1619 356 1720 410 fiat,
1761 360 1805 398 et
1835 356 2032 413 ipsorum

308 446 482 487 quoque
514 431 632 472 bono
665 430 807 484 cedat,
841 429 1080 471 detrectari
1110 443 1202 470 non
1234 427 1377 481 debet,
1409 442 1491 469 nec
1513 431 1711 484 apparet,
1743 427 1852 483 quid
1875 443 2031 470 causae

306 503 376 556 sit,
400 517 475 544 cur
507 502 609 543 illos
642 501 690 543 in
720 501 807 542 ista
829 501 1063 557 prouincia
1094 499 1245 555 potius
1266 513 1402 554 quam
1434 499 1482 539 in
1505 498 1691 540 caeteris
1714 498 1849 540 eximi
1872 512 2031 555 oppor-

305 578 414 615 teat.
449 572 734 615 Claudius.

1081 781 1173 822 Nr.
1191 780 1258 823 15.

345 917 398 964 II.
442 916 662 980 Epistola
700 914 750 961 P.
790 913 1046 962 Generalis
1086 911 1275 961 Claudii
1312 911 1611 975 Aquavivae‚
1646 924 1714 965 26.
1748 921 1869 978 Aug.
1907 926 2033 967 1600.

527 1010 796 1059 Moderatio
836 1008 1130 1072 praescripti
1168 1007 1418 1054 Examinis
1458 1005 1811 1056 Studiosorum.

733 1137 918 1180 (ΑΙ-011117.
943 1136 1077 1169 Germ.
1106 1137 1201 1178 Sup.
1230 1136 1354 1170 XIII.
1380 1136 1426 1168 Β.
1456 1145 1494 1177 p.
1519 1136 1609 1177 80.)

449 1258 562 1298 Cum
595 1256 734 1298 variis
767 1270 821 1297 ex
852 1254 965 1297 locis
995 1253 1242 1295 nonnullae
1276 1251 1560 1294 adferrentur
1600 1252 1887 1295 difficultates
1920 1254 2037 1296 circa

309 1328 471 1371 Studia
503 1332 547 1369 et
579 1327 787 1369 examina
818 1326 1101 1378 Nostrorum,
1135 1329 1272 1380 atque
1304 1338 1357 1365 ex
1389 1323 1459 1365 his
1490 1337 1582 1365 non
1614 1324 1939 1367 contemnenda
1970 1327 2037 1367 in-

308 1399 543 1442 commoda
574 1398 701 1440 nasci
733 1412 861 1454 posse
893 1396 1177 1448 viderentur,
1211 1395 1319 1437 dum
1357 1395 1430 1437 vel
1472 1394 1729 1450 aliquorum
1767 1395 1908 1450 quieti
1944 1410 2035 1437 non

307 1471 416 1512 satis
447 1469 738 1527 prospicitur,
780 1468 851 1510 vel
893 1482 1044 1509 eorum
1083 1465 1233 1507 studia
1271 1466 1422 1507 minus
1461 1470 1805 1522 promoventur,
1847 1480 1957 1521 quos
1987 1466 2037 1508 in

307 1541 495 1584 diversis
537 1545 692 1597 postea
740 1538 1001 1581 ministeriis
1048 1537 1323 1580 fructuosius
1368 1536 1559 1579 forsitan
1606 1551 1824 1593 occupare
1867 1537 2036 1592 liceret,

306 1613 500 1669 perutile
545 1611 751 1653 futurum
788 1609 1110 1663 iudicavimus,
1149 1608 1187 1649 si
1229 1608 1282 1650 de
1320 1609 1468 1664 rigore
1499 1609 1600 1663 1110,
1640 1609 1717 1664 qui
1757 1613 1861 1650 ante
1895 1623 2037 1652 annos

307 1684 480 1739 aliquot
512 1682 567 1724 ad
602 1681 870 1723 exactiorem
905 1680 1296 1722 Constitutionum
1337 1679 1696 1722 observationem
1738 1680 2037 1737 praescriptus

305 1754 355 1796 in
385 1754 559 1795 ratione
594 1753 859 1794 Studiorum
891 1751 1061 1805 fuerat,
1101 1750 1276 1806 aliquid
1321 1751 1642 1805 remitteretur,
1685 1750 1956 1806 suaviusque
1988 1751 2037 1793 in

305 1825 389 1867 hac
420 1830 545 1881 parte
576 1824 801 1880 agendum
833 1838 935 1865 cum
974 1822 1065 1864 illis
1106 1826 1415 1863 statueremus.
1478 1822 1545 1864 Re
1575 1823 1728 1877 itaque
1760 1836 1861 1863 cum
1893 1822 2038 1864 Patri-

306 1895 389 1938 bus
422 1894 780 1949 [Assistentibus]
815 1893 1056 1948 diligenter
1087 1893 1358 1947 examinata,
1392 1892 1600 1934 omnibus
1631 1892 1680 1934 in
1703 1893 1897 1935 Domino
1930 1908 2034 1936 con-

306 1966 524 2020 sideratis,
559 1966 611 2007 de
642 1965 712 2007 his
750 1980 893 2022 pauca
914 1964 1035 2018 haec,
1070 1978 1184 2019 quae
1205 1967 1465 2019 sequuntur,
1498 1963 1596 2006 visa
1613 1970 1718 2006 sunt
1738 1963 1787 2006 in
1807 1968 2036 2021 posterum

305 2038 599 2080 observanda.

449 2113 487 2152 1.
549 2108 615 2151 Ut
645 2108 849 2149 Examen
880 2106 1009 2160 illud,
1042 2106 1162 2162 quod
1193 2106 1242 2147 in
1275 2106 1448 2162 Logica
1479 2105 1575 2147 fieri
1607 2105 1750 2160 debet,
1783 2108 1916 2149 semel
1939 2113 2035 2149 tan-

306 2186 403 2222 tum
435 2182 535 2233 fiat3
580 2179 700 2234 quod
740 2179 777 2219 si
808 2177 878 2219 bis
909 2178 1190 2232 instituatur,
1237 2177 1284 2218 id
1322 2192 1372 2219 eo
1412 2181 1592 2219 tantum
1641 2177 1734 2232 fiat,
1781 2182 1833 2220 ut
1873 2178 2035 2234 aliquis

305 2252 484 2308 ineptus
502 2250 557 2291 ad
575 2250 726 2291 studia
747 2249 1055 2303 convincatur,
1083 2262 1171 2304 quo
1204 2248 1386 2290 suavius
1418 2248 1697 2302 excludatur,
1730 2248 1830 2290 ideo
1862 2249 1899 2290 is
1916 2250 2036 2292 solus

305 2327 415 2364 tunc
444 2322 740 2363 examinetur.

450 2397 488 2437 2,
551 2393 651 2433 Ηο0
685 2391 891 2433 examine
922 2405 1015 2432 non
1048 2390 1347 2432 excludantur
1388 2404 1414 2431 a
1451 2389 1610 2430 studiis
1642 2389 1732 2431 nisi
1762 2390 1961 2433 rudiores
1992 2396 2036 2433 et

307 2463 463 2519 inepti,
496 2463 739 2505 mediocres
771 2468 919 2504 autem
951 2476 1135 2518 pergere
1174 2461 1401 2515 sinantur,
1440 2475 1579 2516 usque
1619 2460 1674 2502 ad
1713 2460 1847 2502 finem
1881 2476 2036 2504 cursus

308 2534 639 2590 Philosophiae.
705 2533 877 2581 Quodsi
906 2533 955 2574 in
987 2533 1076 2575 fine
1108 2547 1261 2574 cursus
1293 2532 1465 2573 talenta
1494 2532 1738 2574 ostendant
1765 2532 1923 2574 saltem
1944 2547 2035 2574 me-

307 2605 496 2658 diocria,
545 2605 601 2645 ad
647 2604 841 2660 primum
883 2604 1154 2660 Theologiae
1201 2617 1368 2645 annum
1414 2602 1729 2644 admittantur.
1793 2602 1840 2644 Si
1882 2603 2036 2644 eadem

308 2680 553 2732 appareant
584 2676 769 2729 talenta,
803 2680 846 2716 et
879 2690 979 2732 spes
1001 2676 1061 2716 sit
1082 2674 1250 2728 eadem,
1283 2673 1528 2715 secundum
1551 2688 1728 2729 quoque
1748 2688 1929 2727 annum,
1962 2673 2037 2715 sed

306 2761 393 2788 non
428 2747 548 2788 ultra
580 2746 733 2787 audire
764 2747 1097 2802 permittantur.

449 2820 489 2861 3.
551 2816 798 2858 Mediocria
829 2817 1003 2858 talenta
1033 2817 1372 2872 intelliguntur,
1406 2820 1560 2872 aptum
1593 2815 1736 2857 videri
1769 2814 1826 2856 ad
1858 2815 2033 2856 concio-

307 2888 449 2930 nandi
488 2887 859 2943 gubernandique
897 2902 1096 2941 munera,
1129 2892 1207 2928 aut
1238 2887 1373 2928 etiam
1406 2887 1463 2928 ad
1483 2886 1706 2929 Praefecti
1726 2900 1873 2928 rerum
1905 2885 2033 2943 spiri—

307 2960 513 3012 tualium,
547 2958 619 2999 vel
653 2957 773 2999 Socii
805 2958 1015 3013 Magistri
1046 2957 1351 3001 Novitiorum.

451 3065 461 3083 ¹
495 3064 530 3098 S.
556 3063 598 3097 N.
628 3065 680 3098 15.
