2084 3441
172 424 178 430 .
201 404 243 430 12.

266 186 321 229 10
448 194 557 229 Ratio
585 193 784 228 studiorum
810 196 848 227 et
870 191 1126 227 institutiones
1153 189 1394 225 scholasticae
1420 188 1613 224 Societatis
1638 188 1728 223 Jesu
1753 189 1791 224 II

267 314 376 356 dum
408 313 728 371 praescriberet
758 311 984 354 tractandi
1016 310 1224 353 scientias
1255 313 1299 352 et
1318 309 1556 352 facultates
1578 323 1728 350 omnes
1749 324 1850 351 cum
1870 324 1921 351 eo
1941 308 1946 367 Ι

263 385 418 428 fructu
465 389 596 440 atque
644 385 962 437 emolumento,
1008 382 1127 438 quod
1172 381 1442 423 Institutum
1488 384 1692 421 nostrum
1738 395 1818 436 pro
1864 380 1950 422 Dei

264 459 410 514 gloria
440 462 484 500 et
513 458 821 514 proximorum
854 454 1086 497 commodo
1126 453 1212 495 sibi
1251 449 1498 508 proposuit.
1561 450 1625 492 Hi
1656 465 1762 506 ergo
1792 451 1950 493 Patres

262 532 477 587 perpetuo
510 528 755 570 multorum
787 526 1006 569 mensium
1039 524 1203 578 studio,
1237 527 1393 565 exacta
1413 526 1529 564 certe
1550 522 1743 577 quadam
1772 537 1878 564 cura
1900 537 1951 565 ac

263 600 501 656 diligentia
533 614 642 656 opus
674 598 757 641 hoc
789 613 890 640 cum
911 597 997 639 Dei
1029 596 1176 652 gratia
1206 595 1439 652 perfecere.
1503 595 1672 638 Verum
1705 594 1810 650 quia
1838 594 1886 636 in
1904 610 1951 637 re

262 677 358 716 tam
390 672 519 727 gravi
551 675 596 713 et
627 670 873 713 universali
903 669 1019 711 nihil
1050 667 1222 726 placuit
1259 667 1457 720 definire,
1494 667 1584 709 nisi
1613 668 1737 723 prius
1769 666 1951 722 cognito

263 744 606 802 praecipuorum
644 743 892 785 Doctorum
938 741 1178 783 Societatis
1220 745 1400 783 nostrae
1441 739 1626 795 judicio,
1674 754 1724 782 eo
1771 743 1951 781 tantum

264 815 466 857 contenti
497 814 665 856 fuimus
696 813 745 855 in
776 812 1016 869 praesenti,
1049 816 1101 854 ut
1131 812 1253 854 hunc
1284 826 1437 854 eorum
1468 811 1665 853 laborem
1704 810 1952 866 perlegere-

261 900 375 938 mus,
407 884 524 927 nihil
555 883 746 940 amplius
779 882 1059 925 decernendo
1093 886 1172 925 aut
1200 883 1338 925 etiam
1358 882 1589 937 mutando,
1622 882 1711 924 nisi
1732 885 1952 937 quantum

261 956 584 1012 requirebatur,
623 959 675 997 ut
704 954 754 996 in
785 969 937 997 omnes
967 953 1223 1010 provincias
1254 954 1522 1008 mitteretur,
1559 957 1693 1010 prout
1720 959 1810 1009 jam
1848 952 1953 994 mit-

262 1027 413 1081 timuS,
451 1031 495 1070 et
533 1026 726 1083 quidem,
771 1029 824 1068 ut
853 1026 919 1070 Ra.
949 1026 1012 1068 Va.
1042 1025 1230 1080 videbit,
1274 1025 1399 1082 typis
1431 1040 1643 1068 excusum
1682 1039 1773 1066 non
1817 1023 1953 1065 aliam

263 1100 320 1142 ob
353 1113 546 1153 causam,
587 1098 676 1140 nisi
707 1098 764 1140 ob
797 1097 1011 1153 majorem
1051 1097 1430 1151 commoditatem,
1472 1111 1559 1151 quo
1601 1095 1785 1138 celerius
1824 1094 1953 1151 copia

262 1174 375 1213 esset
405 1169 603 1227 plurium
636 1169 970 1225 exemplarium.
1034 1168 1228 1224 Jamque
1260 1168 1316 1210 ab
1347 1168 1432 1210 hac
1472 1169 1680 1210 Romana
1718 1165 1953 1224 provincia

262 1245 470 1299 coeptum
502 1244 582 1296 est,
625 1240 675 1283 in
707 1255 796 1296 qua
828 1239 1021 1295 Collegii
1051 1239 1184 1295 hujus
1215 1239 1445 1293 Doctores,
1477 1238 1734 1281 examinata
1764 1236 1953 1279 materia

261 1312 462 1370 practica
508 1316 554 1354 et
592 1311 744 1367 aliqua
783 1311 920 1353 etiam
957 1311 1235 1368 speculativa
1270 1314 1410 1367 parte,
1438 1309 1661 1366 judicium
1688 1308 1783 1365 jam
1823 1322 1953 1350 suum

260 1383 390 1426 nobis
422 1387 734 1440 exposuerunt,
768 1397 908 1438 eoque
928 1388 1111 1425 utemur
1142 1397 1221 1424 suo
1252 1386 1465 1439 tempore.
1526 1380 1677 1424 Velim
1699 1380 1857 1436 igitur,
1887 1378 1954 1420 id-

261 1471 347 1511 que
379 1469 514 1510 quam
546 1453 890 1509 diligentissime
920 1468 1103 1510 possum
1134 1453 1210 1497 Rffe
1233 1453 1309 1497 Va?
1332 1452 1606 1507 commendo,
1639 1455 1703 1506 ut,
1738 1451 1872 1494 simul
1903 1465 1955 1492 ac

260 1527 341 1569 has
371 1527 523 1568 literas
555 1526 787 1582 acceperit,
830 1540 884 1566 ex
915 1529 1014 1567 tota
1045 1539 1126 1567 sua
1155 1524 1390 1581 provincia
1428 1523 1625 1579 quinque
1663 1523 1822 1565 saltem
1852 1521 1952 1564 seli-

261 1603 355 1654 gat,
393 1612 504 1653 quos
541 1597 737 1639 maxime
777 1596 983 1639 doctrina
1021 1600 1065 1638 et
1101 1595 1269 1653 judicio
1310 1595 1494 1638 idoneos
1536 1593 1831 1648 existimabit,
1877 1592 1953 1636 ad-

255 1669 426 1726 junctis
477 1668 660 1725 insuper
707 1667 1027 1710 humaniorum
1083 1668 1317 1709 literarum
1367 1681 1501 1709 causa
1553 1680 1663 1721 quos
1716 1664 1953 1707 convenire

262 1740 569 1794 arbitrabitur,
602 1754 713 1795 quos
745 1740 883 1782 etiam
913 1738 1175 1796 praecipuos
1206 1739 1255 1780 in
1287 1753 1338 1780 ea
1358 1738 1577 1780 facultate
1599 1752 1690 1779 esse
1713 1735 1951 1793 oportebit,

263 1816 307 1854 et
337 1811 488 1866 faciat,
530 1815 583 1853 ut
612 1811 783 1867 singuli
814 1811 1011 1867 primum
1040 1825 1118 1868 per
1151 1825 1195 1852 se
1226 1810 1344 1852 hanc
1376 1809 1619 1852 formulam
1649 1807 1847 1861 videant,
1887 1810 1952 1849 at-

263 1898 348 1938 que
381 1882 641 1924 examinent
680 1898 731 1924 ea
771 1882 1012 1938 diligentia
1052 1886 1186 1937 atque
1227 1881 1477 1932 sedulitate,
1526 1895 1661 1935 quam
1706 1883 1835 1920 tanta
1883 1893 1951 1920 res

261 1954 481 2011 postulat3
514 1953 674 1996 deinde
706 1953 839 1996 certis
871 1954 1007 1996 etiam
1040 1952 1210 2004 diebus,
1243 1952 1320 2008 qui
1350 1955 1563 2008 poterunt
1595 1951 1689 1992 sine
1722 1949 1851 2006 gravi
1881 1949 1951 1991 in-

263 2024 510 2078 commodO,
543 2025 815 2067 conveniant
845 2025 1131 2080 habeantque
1162 2024 1336 2079 aliquot
1366 2024 1415 2065 in
1447 2022 1728 2065 hebdomada
1758 2020 1876 2062 inter
1907 2036 1952 2062 se

262 2096 627 2149 consultationes,
675 2112 726 2138 ac
770 2096 819 2138 in
863 2096 1079 2153 scriptum
1120 2095 1276 2138 ordine
1307 2095 1518 2150 redigant
1549 2092 1671 2149 quod
1696 2092 1952 2148 judicatum

262 2166 411 2219 fuerit,
444 2171 537 2209 tam
570 2167 687 2210 circa
718 2172 891 2224 partem
923 2167 1182 2223 practicam,
1215 2181 1351 2222 quam
1371 2166 1489 2208 circa
1509 2164 1844 2222 speculativam,
1878 2162 1953 2204 ad-

263 2238 370 2280 ditis
400 2244 630 2295 praeterea
662 2239 718 2280 iis
758 2238 980 2292 omnibus,
1020 2253 1134 2294 quae
1164 2238 1238 2280 vel
1278 2237 1484 2280 addenda
1513 2236 1586 2279 vel
1624 2234 1771 2290 magis
1808 2234 1952 2276 decla-

262 2308 416 2363 randa,
450 2314 529 2352 aut
560 2310 710 2365 aliquo
742 2310 876 2352 modo
909 2309 1159 2352 ordinanda
1190 2309 1441 2351 censuerint
1472 2307 1529 2350 ad
1567 2306 1780 2363 majorem
1817 2304 1952 2360 hujus

265 2381 328 2422 rei
358 2381 688 2438 perfectionem.
753 2381 924 2432 Quodsi
955 2397 1047 2423 non
1080 2395 1232 2423 omnes
1265 2381 1506 2423 convenire
1537 2378 1766 2435 potuerint
1797 2381 1952 2433 (quan-

264 2467 400 2507 quam
433 2452 681 2494 curandum
713 2459 791 2507 est,
830 2457 882 2495 ut
912 2452 1173 2510 paucissimi
1212 2451 1390 2506 desint),
1440 2451 1473 2492 ii
1512 2465 1639 2492 suam
1680 2448 1952 2491 sententiam

265 2523 323 2565 ad
354 2528 654 2579 congregatos
685 2525 901 2581 scriptam
932 2524 1127 2577 mittent,
1166 2526 1219 2565 ut
1260 2522 1314 2564 de
1353 2521 1581 2564 communi
1613 2520 1748 2563 etiam
1781 2518 1951 2575 judicio

265 2598 450 2636 constet.
513 2594 612 2644 Quo
643 2595 693 2637 in
722 2596 908 2651 negotio
939 2595 1055 2637 illud
1087 2610 1240 2637 omnes
1270 2608 1540 2650 magnopere
1572 2605 1730 2634 moneo
1770 2594 1814 2632 et
1851 2589 1953 2631 hor-

264 2669 350 2719 tor,
382 2669 434 2707 ut
463 2666 511 2707 in
543 2666 745 2709 animum
776 2666 996 2709 inducant
1027 2681 1120 2708 non
1150 2670 1246 2708 tam
1287 2680 1419 2707 suum
1459 2663 1646 2719 quisque
1683 2675 1860 2704 sensum
1901 2674 1953 2702 ac

264 2736 603 2793 propensionem
636 2737 693 2778 ad
724 2752 826 2779 suas
857 2738 1090 2794 opiniones
1123 2736 1356 2793 quaspiam
1388 2734 1525 2791 sequi,
1565 2748 1699 2790 quam
1730 2731 1791 2784 id,
1833 2730 1953 2786 quod

264 2806 404 2848 totius
436 2806 676 2849 Societatis
712 2808 964 2850 rationibus
1006 2808 1153 2863 magis
1192 2806 1415 2849 conducat
1453 2805 1686 2860 magisque
1724 2804 1952 2858 receptum

264 2878 323 2918 sit
355 2876 403 2918 in
434 2877 819 2921 Universitatibus
851 2883 894 2921 et
925 2879 1101 2933 scholis,
1142 2894 1194 2920 ae
1225 2878 1416 2933 denique
1449 2892 1475 2918 a
1506 2874 1777 2917 Doctoribus
1815 2871 1953 2927 maJ'o-

263 2948 325 2989 ris
367 2948 649 2990 auctoritatis
690 2949 1008 3005 doctrinaeque
1048 2949 1285 2992 solidioris.
1363 2948 1431 2989 Ac
1470 2947 1606 2989 velim
1650 2959 1815 2998 omneS,
1864 2957 1951 2999 quo

268 3032 361 3060 sese
384 3017 441 3059 ad
462 3019 511 3059 P.
534 3019 588 3060 N.
610 3019 781 3073 Ignatii
805 3021 869 3065 Sflfl
896 3035 1025 3063 mem.
1049 3023 1245 3062 mentem
1277 3034 1328 3061 ac
1349 3018 1633 3060 voluntatem
1655 3014 1950 3068 conforment,

263 3092 309 3131 et
342 3088 577 3132 Societatis
609 3090 948 3147 existimationi,
980 3090 1072 3133 imo
1104 3104 1209 3134 vero
1241 3089 1586 3144 conservationi,
1631 3086 1751 3145 quod
1781 3090 1954 3127 utrum-
