2084 3441
201 2452 208 2459 .
225 2432 270 2457 62.

298 151 355 192 62
471 158 581 195 Ratio
607 159 811 196 studiorum
836 164 875 196 et
899 160 1154 197 institutiones
1181 158 1426 196 scholasticae
1450 159 1644 197 Societatis
1671 161 1760 198 Jesu
1784 161 1823 197 II

299 278 604 333 Sacramento‚
652 278 832 335 quando
873 293 1005 321 Vsum
1044 277 1234 321 rationis
1281 282 1544 320 consecutus
1593 283 1702 334 erat,
1749 279 1990 322 actualiter

297 349 445 391 Deum
477 349 579 392 odio
601 350 780 406 habeat,
813 351 959 392 Deum
978 349 1258 406 blasphemet
1278 352 1322 391 et
1341 349 1434 405 legi
1455 350 1541 392 Dei
1559 355 1792 407 repugnet.
1840 352 1990 393 Praua

297 420 529 476 desideria,
552 421 716 477 quibus
736 421 852 463 ratio
875 435 968 463 non
990 419 1227 474 consentit,
1250 425 1295 461 et
1317 435 1431 476 quae
1453 420 1586 463 homo
1606 421 1779 464 inuitus
1798 422 1985 479 patitur,

296 495 403 534 sunt
432 492 662 550 prohibita
692 496 951 550 praecepto:
986 492 1090 534 Non
1121 491 1421 548 concupisces.
1485 492 1862 549 Concupiscentia
1893 492 1989 534 siue

294 563 370 605 lex
410 565 725 618 membrorum,
766 568 812 606 et
854 578 996 620 praua
1044 563 1139 605 eius
1186 562 1410 618 disideria,
1456 579 1570 620 quae
1611 564 1750 606 inuiti
1789 564 1991 606 sentiunt

295 634 511 690 homines,
546 640 652 678 sunt
683 650 789 678 vera
820 634 934 690 legis
965 634 1287 676 inobedientia.
1351 634 1494 677 Omne
1520 635 1661 678 scelus
1683 635 1778 677 eius
1798 640 1865 677 est
1886 649 1989 677 con-

296 706 496 762 ditionis,
529 711 581 750 vt
620 721 749 749 suum
787 710 988 748 autorem
1026 710 1070 748 et
1111 720 1265 748 omnes
1304 710 1504 764 posteros
1545 720 1595 748 eo
1632 706 1764 748 modo
1807 705 1989 748 inficere

266 779 447 835 ,possit,
478 781 483 832 Ι
512 792 599 835 (1110
631 777 790 820 infecit
818 778 965 835 prima
995 777 1304 833 transgressio.
1356 777 1587 828 Quantum
1615 782 1684 819 est
1704 791 1758 820 ex
1778 776 1827 819 vi
1845 780 1992 819 trans-

292 849 546 904 gressionis,
590 853 772 891 tantum
810 848 1074 891 meritorum
1118 849 1338 891 malorum
1377 863 1402 890 a
1432 853 1674 905 generante
1718 847 1991 890 contrahunt

293 920 371 975 qui
409 935 511 962 011111
550 919 799 962 minoribus
836 924 1085 963 nascuntur
1121 920 1259 976 vitijs‚
1299 935 1434 976 quam
1474 919 1552 976 qui
1591 934 1693 961 cum
1730 918 1988 961 maioribus.

291 991 541 1032 Definitiua
571 990 679 1032 haec
710 991 948 1046 sententia,
981 992 1129 1033 Deum
1159 991 1335 1034 1101111111
1366 991 1483 1033 1111111
1506 990 1783 1047 impossibile
1813 1004 1990 1046 praece-

292 1062 421 1118 pisse,
454 1061 569 1104 falso
601 1062 819 1104 tribuitur
849 1063 1123 1119 Augustino,
1155 1078 1257 1105 011111
1289 1062 1463 1119 Pelagij
1496 1062 1567 1104 sit.
1630 1062 1753 1104 Deus
1784 1075 1876 1103 non
1907 1074 1987 1117 po—

292 1133 452 1175 tuisset
494 1133 548 1175 ab
591 1133 726 1175 initio
772 1135 909 1176 talem
950 1149 1096 1176 creare
1136 1134 1380 1187 hominem,
1424 1134 1570 1190 qualis
1608 1148 1730 1175 nunc
1772 1131 1986 1174 nascitur.

291 1204 345 1245 In
377 1208 557 1261 peccato
590 1204 678 1246 duo
710 1211 829 1260 sunt,
863 1210 989 1248 actus
1019 1210 1064 1248 et
1094 1210 1263 1248 reatus:
1298 1209 1559 1248 transeunte
1579 1209 1729 1247 autem
1751 1207 1854 1245 actu
1872 1202 1991 1244 nihil

291 1280 457 1329 manet⁷
490 1276 578 1317 11131
603 1280 768 1331 reatus⁷
802 1276 896 1318 siue
926 1277 1146 1332 obligatio
1169 1277 1226 1319 ad
1246 1292 1454 1334 poenam:
1489 1275 1608 1319 vnde
1628 1276 1677 1317 in
1698 1275 1988 1317 Sacramento

290 1346 528 1402 Baptismi‚
560 1351 639 1389 aut
671 1348 925 1390 Sacerdotis
957 1349 1251 1403 absolutione,
1284 1348 1462 1405 proprie
1491 1352 1640 1390 reatus
1672 1346 1845 1403 peccati
1877 1345 1989 1387 dun-

290 1422 418 1459 taxat
450 1418 639 1473 tollitur,
672 1423 716 1460 et
748 1419 1052 1461 Ministerium
1084 1419 1379 1462 Sacerdotum
1417 1419 1562 1461 solum
1592 1418 1756 1460 liberat
1788 1432 1813 1459 a
1843 1420 1987 1458 reatu.

290 1490 504 1531 Peccator
534 1490 769 1546 poenitens
800 1504 893 1532 non
924 1491 1185 1534 viuificatur
1205 1491 1455 1533 ministerio
1479 1489 1734 1532 Sacerdotis
1757 1488 1989 1530 absoluen-

290 1560 361 1614 tis‚
396 1560 473 1603 sed
505 1576 530 1603 a
562 1562 656 1603 solo
689 1562 798 1617 Deo,
841 1562 919 1618 qui
951 1562 1276 1619 poenitentiam
1314 1576 1560 1618 suggerens
1592 1564 1636 1603 et
1667 1559 1892 1617 inspirans
1923 1559 1990 1603 vi-

291 1632 447 1675 uificat
478 1648 579 1675 eum
611 1639 655 1675 et
685 1634 936 1687 resuscitat,
969 1634 1218 1676 ministerio
1251 1638 1401 1676 autem
1423 1632 1676 1677 Sacerdotis
1698 1632 1818 1674 solus
1838 1636 1990 1674 reatus

290 1704 480 1746 tollitur.
543 1704 734 1754 Quando
766 1720 844 1761 per
875 1706 1179 1761 eleemosynas
1211 1705 1387 1761 aliaque
1418 1704 1600 1762 pietatis
1632 1718 1765 1761 opera
1796 1703 1892 1745 Deo
1923 1718 1990 1746 sa-

290 1775 540 1818 tisfacimus
571 1790 650 1833 pro
682 1777 838 1834 poenis
867 1776 1205 1833 temporalibus,
1237 1791 1330 1818 non
1361 1776 1552 1832 dignum
1573 1775 1767 1833 pretium
1789 1775 1886 1817 Deo
1908 1788 1988 1831 pro

290 1847 487 1903 peccatis
517 1848 682 1889 nostris
717 1847 957 1902 offerimus,
989 1848 1107 1890 sicut
1138 1849 1322 1904 quidam
1351 1852 1546 1890 errantes
1572 1851 1832 1890 autumant:
1882 1861 1988 1889 nam

291 1918 494 1974 alioquin
525 1934 720 1962 essemus
752 1919 911 1961 saltem
946 1919 1100 1975 aliqua
1131 1935 1186 1962 ex
1216 1924 1343 1977 parte
1365 1919 1683 1976 redemptores;
1717 1918 1794 1960 sed
1816 1917 1989 1974 aliquid

291 1988 495 2044 facimus,
528 1990 655 2033 0111113
686 1990 861 2032 intuitu
884 1990 1053 2033 Christi
1084 1991 1333 2033 satisfactio
1364 1991 1496 2033 nobis
1528 1990 1780 2047 applicatur
1808 1994 1852 2031 et
1871 2003 1989 2032 com-

291 2061 560 2104 municatur.
622 2062 707 2103 Per
744 2062 971 2118 passiones
1003 2062 1273 2105 Sanctorum
1311 2062 1360 2104 in
1397 2060 1702 2118 Indulgentijs
1742 2059 1989 2103 communi-

293 2136 414 2173 catas
455 2147 547 2174 non
587 2132 765 2190 proprie
803 2133 1089 2176 redimuntur
1130 2137 1285 2176 nostra
1332 2133 1510 2187 delicta⁷
1552 2132 1628 2174 sed
1670 2147 1749 2189 per
1792 2145 1989 2174 commu-

291 2202 473 2244 nionem
505 2203 737 2246 charitatis
768 2204 901 2246 nobis
934 2219 1087 2246 eorum
1127 2204 1355 2260 passiones
1392 2204 1727 2262 impartiuntur,
1768 2207 1820 2246 vt
1858 2202 1988 2259 digni

292 2273 443 2328 simus,
477 2274 554 2330 qui
585 2276 729 2332 pretio
762 2275 996 2331 sanguinis
1029 2275 1199 2318 Christi
1229 2290 1255 2317 a
1285 2276 1442 2332 poenis
1473 2290 1552 2333 pro
1590 2275 1784 2332 peccatis
1824 2274 1987 2316 debitis

293 2344 549 2391 liberemur.
614 2346 810 2389 Celebris
840 2347 921 2388 illa
948 2347 1197 2389 Doctorum
1229 2346 1477 2401 distinctio,
1500 2346 1697 2388 Diuinae
1726 2344 1839 2401 legis
1858 2359 1986 2387 man-

292 2415 399 2457 data
430 2416 642 2459 bifariam
669 2418 676 2474 Ι
703 2417 900 2474 impleri:
941 2418 1081 2460 altero
1121 2418 1254 2460 modo
1292 2422 1512 2474 quantum
1554 2417 1610 2460 ad
1648 2419 1987 2474 praeceptorum

293 2500 476 2543 operum
507 2488 806 2530 substantiam
838 2493 1038 2543 tantum3
1074 2490 1218 2531 altero
1249 2493 1469 2546 quantum
1492 2489 1549 2531 ad
1569 2492 1742 2530 certum
1763 2487 1987 2543 quendam

292 2558 489 2612 modum,
522 2558 737 2601 videlicet
775 2560 1020 2602 secundum
1057 2576 1189 2617 quem
1228 2561 1413 2603 valeant
1451 2563 1711 2616 operantem
1747 2558 1987 2615 perducere

293 2628 351 2670 ad
381 2629 593 2685 Regnum
624 2635 867 2686 aeternum,
899 2631 984 2673 hoc
1021 2635 1099 2687 est,
1133 2631 1190 2674 ad
1227 2631 1411 2674 modum
1450 2631 1724 2685 meritorum,
1764 2643 1988 2672 commen-

293 2699 398 2742 titia
430 2705 498 2741 est
531 2704 575 2742 et
607 2701 902 2758 explodenda.
964 2703 1051 2744 Illa
1082 2717 1258 2758 quoque
1290 2702 1535 2757 distinctio,
1568 2717 1657 2758 qua
1685 2716 1796 2759 opus
1819 2701 1988 2744 dicitur

292 2770 503 2813 bifariam
535 2772 718 2827 bonum,
749 2773 823 2815 vel
861 2772 966 2827 quia
1005 2788 1058 2814 ex
1097 2772 1271 2815 obiecto
1310 2776 1355 2815 et
1391 2773 1600 2816 omnibus
1639 2772 1988 2829 circumstantiis

292 2846 465 2884 rectum
497 2846 564 2884 est
597 2847 641 2884 et
672 2843 855 2898 bonum,
888 2843 1008 2899 quod
1039 2844 1268 2885 moraliter
1300 2844 1469 2886 bonum
1501 2844 1717 2902 appellari
1737 2843 1985 2899 consueuit,

292 2913 366 2956 vel
395 2913 502 2970 quia
533 2918 600 2955 est
631 2914 911 2956 meritorium
930 2914 1083 2971 Regni
1113 2915 1298 2970 aeterni,
1330 2930 1380 2957 eo
1412 2916 1533 2972 quod
1563 2916 1616 2958 fit
1635 2931 1661 2958 a
1681 2915 1788 2959 Viuo
1812 2914 1985 2957 Christi

293 2984 492 3027 membro
524 2999 604 3041 per
633 2985 843 3042 spiritum
875 2985 1125 3040 charitatis,
1164 2985 1409 3041 reijcienda
1444 2991 1643 3044 putatur.
1690 2985 1910 3029 Similiter
1941 2989 1985 3027 et

292 3055 374 3098 illa
417 3056 652 3099 distinctio
691 3056 885 3113 duplicis
924 3055 1140 3110 iustitiae,
1182 3056 1380 3111 alterius,
1419 3073 1533 3113 quae
1570 3057 1623 3098 fit
1660 3071 1739 3113 per
1775 3055 1984 3112 spiritum
