<?xml version="1.0" encoding="UTF-8"?>
<!DOCTYPE html PUBLIC "-//W3C//DTD XHTML 1.0 Transitional//EN"
    "http://www.w3.org/TR/xhtml1/DTD/xhtml1-transitional.dtd">
<html xmlns="http://www.w3.org/1999/xhtml" xml:lang="en" lang="en">
 <head>
  <title>
</title>
<meta http-equiv="Content-Type" content="text/html;charset=utf-8" />
  <meta name='ocr-system' content='tesseract 3.04.00' />
  <meta name='ocr-capabilities' content='ocr_page ocr_carea ocr_par ocr_line ocrx_word'/>
</head>
<body>
  <div class='ocr_page' id='page_1' title='image "./ratiostudiorumet05jesu_0294.png"; bbox 0 0 2143 3462; ppageno 0'>
   <div class='ocr_carea' id='block_1_1' title="bbox 119 976 329 1043">
    <p class='ocr_par' dir='ltr' id='par_1_1' title="bbox 119 976 329 1043">
     <span class='ocr_line' id='line_1_1' title="bbox 141 976 311 999; baseline -0.012 0"><span class='ocrx_word' id='word_1_1' title='bbox 141 976 177 999; x_wconf 67' lang='lat' dir='ltr'>lm</span> <span class='ocrx_word' id='word_1_2' title='bbox 200 976 311 999; x_wconf 72' lang='lat' dir='ltr'>:n-tibus</span> 
     </span>
     <span class='ocr_line' id='line_1_2' title="bbox 119 1012 329 1043; baseline -0.005 -8"><span class='ocrx_word' id='word_1_3' title='bbox 119 1012 329 1043; x_wconf 71' lang='lat' dir='ltr'>peculiaribus.</span> 
     </span>
    </p>
   </div>
   <div class='ocr_carea' id='block_1_2' title="bbox 83 1499 339 1530">
    <p class='ocr_par' dir='ltr' id='par_1_2' title="bbox 83 1499 339 1530">
     <span class='ocr_line' id='line_1_3' title="bbox 83 1499 339 1530; baseline -0.004 -6"><span class='ocrx_word' id='word_1_4' title='bbox 83 1501 121 1524; x_wconf 79' lang='lat' dir='ltr'>De</span> <span class='ocrx_word' id='word_1_5' title='bbox 143 1499 339 1530; x_wconf 69' lang='lat' dir='ltr'>generalibus.</span> 
     </span>
    </p>
   </div>
   <div class='ocr_carea' id='block_1_3' title="bbox 102 1809 325 1875">
    <p class='ocr_par' dir='ltr' id='par_1_3' title="bbox 102 1809 325 1875">
     <span class='ocr_line' id='line_1_4' title="bbox 110 1809 318 1833; baseline 0 -3"><span class='ocrx_word' id='word_1_6' title='bbox 110 1809 318 1833; x_wconf 59' lang='lat' dir='ltr'>(func-lusiones</span> 
     </span>
     <span class='ocr_line' id='line_1_5' title="bbox 102 1844 325 1875; baseline -0.009 -7"><span class='ocrx_word' id='word_1_7' title='bbox 102 1844 325 1875; x_wconf 71' lang='lat' dir='ltr'>imprimendae.</span> 
     </span>
    </p>
   </div>
   <div class='ocr_carea' id='block_1_4' title="bbox 84 2047 348 2113">
    <p class='ocr_par' dir='ltr' id='par_1_4' title="bbox 84 2047 348 2113">
     <span class='ocr_line' id='line_1_6' title="bbox 92 2047 348 2070; baseline -0.004 0"><span class='ocrx_word' id='word_1_8' title='bbox 92 2047 208 2070; x_wconf 73' lang='lat' dir='ltr'>Certum</span> <span class='ocrx_word' id='word_1_9' title='bbox 232 2047 348 2070; x_wconf 59' lang='lat' dir='ltr'>conclu-</span> 
     </span>
     <span class='ocr_line' id='line_1_7' title="bbox 84 2083 346 2113; baseline 0 -7"><span class='ocrx_word' id='word_1_10' title='bbox 84 2083 198 2107; x_wconf 76' lang='lat' dir='ltr'>sionum</span> <span class='ocrx_word' id='word_1_11' title='bbox 221 2086 346 2113; x_wconf 76' lang='lat' dir='ltr'>tempus.</span> 
     </span>
    </p>
   </div>
   <div class='ocr_carea' id='block_1_5' title="bbox 133 2284 330 2344">
    <p class='ocr_par' dir='ltr' id='par_1_5' title="bbox 133 2284 330 2344">
     <span class='ocr_line' id='line_1_8' title="bbox 150 2284 324 2308; baseline 0.006 -1"><span class='ocrx_word' id='word_1_12' title='bbox 150 2284 188 2307; x_wconf 62' lang='lat' dir='ltr'>Do</span> <span class='ocrx_word' id='word_1_13' title='bbox 209 2285 324 2308; x_wconf 71' lang='lat' dir='ltr'>actibus</span> 
     </span>
     <span class='ocr_line' id='line_1_9' title="bbox 133 2324 330 2344; baseline 0.005 -1"><span class='ocrx_word' id='word_1_14' title='bbox 133 2324 330 2344; x_wconf 67' lang='lat' dir='ltr'>externorum.</span> 
     </span>
    </p>
   </div>
   <div class='ocr_carea' id='block_1_6' title="bbox 132 2665 325 2730">
    <p class='ocr_par' dir='ltr' id='par_1_6' title="bbox 132 2665 325 2730">
     <span class='ocr_line' id='line_1_10' title="bbox 135 2665 323 2693; baseline 0 -6"><span class='ocrx_word' id='word_1_15' title='bbox 135 2665 254 2687; x_wconf 66' lang='lat' dir='ltr'>Actmus</span> <span class='ocrx_word' id='word_1_16' title='bbox 276 2665 323 2693; x_wconf 75' lang='lat' dir='ltr'>qui</span> 
     </span>
     <span class='ocr_line' id='line_1_11' title="bbox 132 2700 325 2730; baseline 0 -7"><span class='ocrx_word' id='word_1_17' title='bbox 132 2700 325 2730; x_wconf 63' lang='lat' dir='ltr'>praesideant.</span> 
     </span>
    </p>
   </div>
   <div class='ocr_carea' id='block_1_7' title="bbox 343 185 1883 233">
    <p class='ocr_par' dir='ltr' id='par_1_7' title="bbox 343 185 1883 233">
     <span class='ocr_line' id='line_1_12' title="bbox 343 185 1883 233; baseline 0.006 -8"><span class='ocrx_word' id='word_1_18' title='bbox 343 185 428 226; x_wconf 81' lang='grc'>278</span> <span class='ocrx_word' id='word_1_19' title='bbox 527 194 639 228; x_wconf 78' lang='lat' dir='ltr'>Ratio</span> <span class='ocrx_word' id='word_1_20' title='bbox 666 195 870 230; x_wconf 77' lang='lat' dir='ltr'>studim-mn</span> <span class='ocrx_word' id='word_1_21' title='bbox 898 200 935 230; x_wconf 86' lang='lat' dir='ltr'>et</span> <span class='ocrx_word' id='word_1_22' title='bbox 960 195 1213 231; x_wconf 73' lang='lat' dir='ltr'>institutiones</span> <span class='ocrx_word' id='word_1_23' title='bbox 1240 195 1482 230; x_wconf 75' lang='lat' dir='ltr'><strong>scholasticae</strong></span> <span class='ocrx_word' id='word_1_24' title='bbox 1510 196 1704 232; x_wconf 81' lang='lat' dir='ltr'>Socletatis</span> <span class='ocrx_word' id='word_1_25' title='bbox 1730 199 1820 233; x_wconf 84' lang='lat' dir='ltr'>Jesu</span> <span class='ocrx_word' id='word_1_26' title='bbox 1845 199 1883 233; x_wconf 93' lang='lat' dir='ltr'>II</span> 
     </span>
    </p>
   </div>
   <div class='ocr_carea' id='block_1_8' title="bbox 340 253 2072 290">
    <p class='ocr_par' dir='ltr' id='par_1_8' title="bbox 340 253 2072 290">
     <span class='ocr_line' id='line_1_13' title="bbox 340 253 2072 290; baseline 0 0"><span class='ocrx_word' id='word_1_27' title='bbox 340 253 2072 290; x_wconf 95' lang='lat' dir='ltr'> </span> 
     </span>
    </p>
   </div>
   <div class='ocr_carea' id='block_1_9' title="bbox 339 313 2078 582">
    <p class='ocr_par' dir='ltr' id='par_1_9' title="bbox 339 313 2078 582">
     <span class='ocr_line' id='line_1_14' title="bbox 339 313 2074 374; baseline 0.004 -20"><span class='ocrx_word' id='word_1_28' title='bbox 339 313 480 369; x_wconf 80' lang='lat' dir='ltr'>partis</span> <span class='ocrx_word' id='word_1_29' title='bbox 512 313 702 369; x_wconf 83' lang='lat' dir='ltr'>alicujus</span> <span class='ocrx_word' id='word_1_30' title='bbox 734 313 881 355; x_wconf 81' lang='lat' dir='ltr'>theses</span> <span class='ocrx_word' id='word_1_31' title='bbox 914 313 1219 356; x_wconf 82' lang='lat' dir='ltr'>defendendae</span> <span class='ocrx_word' id='word_1_32' title='bbox 1263 314 1371 368; x_wconf 81' lang='lat' dir='ltr'>sint3</span> <span class='ocrx_word' id='word_1_33' title='bbox 1419 315 1496 370; x_wconf 85' lang='lat' dir='ltr'>qui</span> <span class='ocrx_word' id='word_1_34' title='bbox 1528 316 1710 371; x_wconf 85' lang='lat' dir='ltr'>quidem</span> <span class='ocrx_word' id='word_1_35' title='bbox 1743 322 1870 359; x_wconf 89' lang='lat' dir='ltr'>actus</span> <span class='ocrx_word' id='word_1_36' title='bbox 1904 319 1959 361; x_wconf 88' lang='lat' dir='ltr'>ab</span> <span class='ocrx_word' id='word_1_37' title='bbox 1991 320 2074 374; x_wconf 89' lang='lat' dir='ltr'>his,</span> 
     </span>
     <span class='ocr_line' id='line_1_15' title="bbox 339 384 2074 443; baseline 0.005 -19"><span class='ocrx_word' id='word_1_38' title='bbox 339 384 503 439; x_wconf 85' lang='lat' dir='ltr'>quibus</span> <span class='ocrx_word' id='word_1_39' title='bbox 540 399 632 426; x_wconf 90' lang='lat' dir='ltr'>non</span> <span class='ocrx_word' id='word_1_40' title='bbox 664 388 732 425; x_wconf 88' lang='lat' dir='ltr'>est</span> <span class='ocrx_word' id='word_1_41' title='bbox 765 385 1054 427; x_wconf 86' lang='lat' dir='ltr'>tribuendum</span> <span class='ocrx_word' id='word_1_42' title='bbox 1086 386 1346 427; x_wconf 75' lang='lat' dir='ltr'>recolendae</span> <span class='ocrx_word' id='word_1_43' title='bbox 1380 386 1654 442; x_wconf 86' lang='lat' dir='ltr'>Theologiae</span> <span class='ocrx_word' id='word_1_44' title='bbox 1694 387 1947 443; x_wconf 79' lang='lat' dir='ltr'>biennium,</span> <span class='ocrx_word' id='word_1_45' title='bbox 1996 391 2074 433; x_wconf 85' lang='lat' dir='ltr'>ha-</span> 
     </span>
     <span class='ocr_line' id='line_1_16' title="bbox 339 454 2077 517; baseline 0.005 -22"><span class='ocrx_word' id='word_1_46' title='bbox 339 454 477 496; x_wconf 77' lang='lat' dir='ltr'>bendi</span> <span class='ocrx_word' id='word_1_47' title='bbox 510 459 614 496; x_wconf 90' lang='lat' dir='ltr'>sunt</span> <span class='ocrx_word' id='word_1_48' title='bbox 647 470 765 497; x_wconf 88' lang='lat' dir='ltr'>anno</span> <span class='ocrx_word' id='word_1_49' title='bbox 798 456 1062 511; x_wconf 85' lang='lat' dir='ltr'>Theologici</span> <span class='ocrx_word' id='word_1_50' title='bbox 1095 456 1233 497; x_wconf 86' lang='lat' dir='ltr'>studii</span> <span class='ocrx_word' id='word_1_51' title='bbox 1268 461 1428 511; x_wconf 86' lang='lat' dir='ltr'>quarto</span> <span class='ocrx_word' id='word_1_52' title='bbox 1463 462 1543 499; x_wconf 87' lang='lat' dir='ltr'>aut</span> <span class='ocrx_word' id='word_1_53' title='bbox 1585 460 1640 511; x_wconf 90' lang='lat' dir='ltr'>(si</span> <span class='ocrx_word' id='word_1_54' title='bbox 1672 474 1812 515; x_wconf 86' lang='lat' dir='ltr'>aequo</span> <span class='ocrx_word' id='word_1_55' title='bbox 1845 461 2077 517; x_wconf 77' lang='lat' dir='ltr'>pauciores</span> 
     </span>
     <span class='ocr_line' id='line_1_17' title="bbox 340 525 2078 582; baseline 0.005 -16"><span class='ocrx_word' id='word_1_56' title='bbox 340 525 431 567; x_wconf 87' lang='lat' dir='ltr'>sint</span> <span class='ocrx_word' id='word_1_57' title='bbox 470 525 689 582; x_wconf 85' lang='lat' dir='ltr'>Theologi</span> <span class='ocrx_word' id='word_1_58' title='bbox 729 528 880 582; x_wconf 85' lang='lat' dir='ltr'>quarti</span> <span class='ocrx_word' id='word_1_59' title='bbox 927 528 1051 580; x_wconf 83' lang='lat' dir='ltr'>anni)</span> <span class='ocrx_word' id='word_1_60' title='bbox 1100 528 1248 580; x_wconf 83' lang='lat' dir='ltr'>tertio,</span> <span class='ocrx_word' id='word_1_61' title='bbox 1296 527 1433 582; x_wconf 82' lang='lat' dir='ltr'>idque</span> <span class='ocrx_word' id='word_1_62' title='bbox 1478 528 1613 570; x_wconf 87' lang='lat' dir='ltr'>etiam</span> <span class='ocrx_word' id='word_1_63' title='bbox 1653 530 1731 572; x_wconf 90' lang='lat' dir='ltr'>ubi</span> <span class='ocrx_word' id='word_1_64' title='bbox 1772 531 1917 573; x_wconf 89' lang='lat' dir='ltr'>nostri</span> <span class='ocrx_word' id='word_1_65' title='bbox 1955 533 2078 575; x_wconf 85' lang='lat' dir='ltr'>domi</span> 
     </span>
    </p>
   </div>
   <div class='ocr_carea' id='block_1_10' title="bbox 341 596 2139 658">
    <p class='ocr_par' dir='ltr' id='par_1_10' title="bbox 341 596 2139 658">
     <span class='ocr_line' id='line_1_18' title="bbox 341 596 2139 658; baseline 0.004 -20"><span class='ocrx_word' id='word_1_66' title='bbox 341 596 637 652; x_wconf 83' lang='lat' dir='ltr'>Theologiam</span> <span class='ocrx_word' id='word_1_67' title='bbox 672 598 883 651; x_wconf 86' lang='lat' dir='ltr'>audiunt,</span> <span class='ocrx_word' id='word_1_68' title='bbox 917 598 1113 639; x_wconf 84' lang='lat' dir='ltr'>externis</span> <span class='ocrx_word' id='word_1_69' title='bbox 1146 598 1367 652; x_wconf 84' lang='lat' dir='ltr'>invitatis,</span> <span class='ocrx_word' id='word_1_70' title='bbox 1401 614 1502 640; x_wconf 86' lang='lat' dir='ltr'>cum</span> <span class='ocrx_word' id='word_1_71' title='bbox 1535 599 1686 654; x_wconf 86' lang='lat' dir='ltr'>aliquo</span> <span class='ocrx_word' id='word_1_72' title='bbox 1709 606 1941 658; x_wconf 85' lang='lat' dir='ltr'>apparatu.</span> <span class='ocrx_word' id='word_1_73' title='bbox 2005 604 2079 645; x_wconf 88' lang='lat' dir='ltr'>Ad</span> <span class='ocrx_word' id='word_1_74' title='bbox 2138 596 2139 599; x_wconf 11' lang='grc' dir='ltr'><strong>Ἴ</strong></span> 
     </span>
    </p>
   </div>
   <div class='ocr_carea' id='block_1_11' title="bbox 341 669 2082 936">
    <p class='ocr_par' dir='ltr' id='par_1_11' title="bbox 341 669 2082 936">
     <span class='ocr_line' id='line_1_19' title="bbox 341 669 2081 730; baseline 0.005 -22"><span class='ocrx_word' id='word_1_75' title='bbox 341 669 571 722; x_wconf 79' lang='lat' dir='ltr'>generales</span> <span class='ocrx_word' id='word_1_76' title='bbox 611 683 717 710; x_wconf 82' lang='lat' dir='ltr'>vero</span> <span class='ocrx_word' id='word_1_77' title='bbox 750 684 841 710; x_wconf 88' lang='lat' dir='ltr'>non</span> <span class='ocrx_word' id='word_1_78' title='bbox 874 684 1054 711; x_wconf 86' lang='lat' dir='ltr'>necesse</span> <span class='ocrx_word' id='word_1_79' title='bbox 1089 673 1167 723; x_wconf 79' lang='lat' dir='ltr'>est,</span> <span class='ocrx_word' id='word_1_80' title='bbox 1201 673 1252 710; x_wconf 91' lang='lat' dir='ltr'>ut</span> <span class='ocrx_word' id='word_1_81' title='bbox 1285 684 1438 711; x_wconf 87' lang='lat' dir='ltr'>omnes</span> <span class='ocrx_word' id='word_1_82' title='bbox 1471 670 1785 726; x_wconf 82' lang='lat' dir='ltr'>admittantur,</span> <span class='ocrx_word' id='word_1_83' title='bbox 1834 673 1911 728; x_wconf 88' lang='lat' dir='ltr'>qui</span> <span class='ocrx_word' id='word_1_84' title='bbox 1950 689 2081 730; x_wconf 88' lang='lat' dir='ltr'>pecu-</span> 
     </span>
     <span class='ocr_line' id='line_1_20' title="bbox 341 739 2080 801; baseline 0.004 -21"><span class='ocrx_word' id='word_1_85' title='bbox 341 739 473 780; x_wconf 81' lang='lat' dir='ltr'>liares</span> <span class='ocrx_word' id='word_1_86' title='bbox 505 739 782 793; x_wconf 74' lang='lat' dir='ltr'>habuerunt3</span> <span class='ocrx_word' id='word_1_87' title='bbox 827 740 903 781; x_wconf 80' lang='lat' dir='ltr'>sed</span> <span class='ocrx_word' id='word_1_88' title='bbox 934 740 986 793; x_wconf 91' lang='lat' dir='ltr'>ii,</span> <span class='ocrx_word' id='word_1_89' title='bbox 1024 740 1101 795; x_wconf 88' lang='lat' dir='ltr'>qui</span> <span class='ocrx_word' id='word_1_90' title='bbox 1133 740 1318 795; x_wconf 86' lang='lat' dir='ltr'>ingenio</span> <span class='ocrx_word' id='word_1_91' title='bbox 1352 744 1396 781; x_wconf 87' lang='lat' dir='ltr'>et</span> <span class='ocrx_word' id='word_1_92' title='bbox 1428 740 1645 783; x_wconf 85' lang='lat' dir='ltr'>facultate</span> <span class='ocrx_word' id='word_1_93' title='bbox 1678 747 1927 798; x_wconf 87' lang='lat' dir='ltr'>praestent,</span> <span class='ocrx_word' id='word_1_94' title='bbox 1971 746 2080 801; x_wconf 83' lang='lat' dir='ltr'>eligi</span> 
     </span>
     <span class='ocr_line' id='line_1_21' title="bbox 342 810 2082 871; baseline 0.004 -20"><span class='ocrx_word' id='word_1_95' title='bbox 342 815 582 866; x_wconf 72' lang='lat' dir='ltr'>poterunt3</span> <span class='ocrx_word' id='word_1_96' title='bbox 616 810 650 851; x_wconf 88' lang='lat' dir='ltr'>ii</span> <span class='ocrx_word' id='word_1_97' title='bbox 682 826 802 864; x_wconf 79' lang='lat' dir='ltr'>vere,</span> <span class='ocrx_word' id='word_1_98' title='bbox 836 811 915 866; x_wconf 82' lang='lat' dir='ltr'>qui</span> <span class='ocrx_word' id='word_1_99' title='bbox 945 811 1145 853; x_wconf 87' lang='lat' dir='ltr'>habituri</span> <span class='ocrx_word' id='word_1_100' title='bbox 1179 815 1285 853; x_wconf 85' lang='lat' dir='ltr'>sunt</span> <span class='ocrx_word' id='word_1_101' title='bbox 1318 811 1574 867; x_wconf 76' lang='lat' dir='ltr'>biennium,</span> <span class='ocrx_word' id='word_1_102' title='bbox 1614 812 1795 856; x_wconf 85' lang='lat' dir='ltr'>biennio</span> <span class='ocrx_word' id='word_1_103' title='bbox 1828 815 1925 871; x_wconf 89' lang='lat' dir='ltr'>ipso</span> <span class='ocrx_word' id='word_1_104' title='bbox 1957 820 2082 858; x_wconf 86' lang='lat' dir='ltr'>actus</span> 
     </span>
     <span class='ocr_line' id='line_1_22' title="bbox 344 881 1286 936; baseline 0.001 -14"><span class='ocrx_word' id='word_1_105' title='bbox 344 896 445 922; x_wconf 85' lang='lat' dir='ltr'>suos</span> <span class='ocrx_word' id='word_1_106' title='bbox 478 881 791 936; x_wconf 84' lang='lat' dir='ltr'>celebrabunt,</span> <span class='ocrx_word' id='word_1_107' title='bbox 823 886 876 924; x_wconf 91' lang='lat' dir='ltr'>ut</span> <span class='ocrx_word' id='word_1_108' title='bbox 908 882 1068 924; x_wconf 86' lang='lat' dir='ltr'>deinde</span> <span class='ocrx_word' id='word_1_109' title='bbox 1101 882 1286 924; x_wconf 88' lang='lat' dir='ltr'>dicetur.</span> 
     </span>
    </p>
   </div>
   <div class='ocr_carea' id='block_1_12' title="bbox 347 976 2090 1318">
    <p class='ocr_par' dir='ltr' id='par_1_12' title="bbox 347 976 2090 1318">
     <span class='ocr_line' id='line_1_23' title="bbox 493 976 2086 1035; baseline 0.003 -18"><span class='ocrx_word' id='word_1_110' title='bbox 493 976 536 1021; x_wconf 79' lang='lat'>8.</span> <span class='ocrx_word' id='word_1_111' title='bbox 571 976 644 1017; x_wconf 81' lang='lat' dir='ltr'>Ad</span> <span class='ocrx_word' id='word_1_112' title='bbox 676 976 924 1033; x_wconf 78' lang='lat' dir='ltr'>peculiares</span> <span class='ocrx_word' id='word_1_113' title='bbox 946 981 1096 1018; x_wconf 88' lang='lat' dir='ltr'>autem</span> <span class='ocrx_word' id='word_1_114' title='bbox 1117 982 1257 1031; x_wconf 87' lang='lat' dir='ltr'>actus,</span> <span class='ocrx_word' id='word_1_115' title='bbox 1291 992 1401 1033; x_wconf 85' lang='lat' dir='ltr'>quos</span> <span class='ocrx_word' id='word_1_116' title='bbox 1424 977 1594 1032; x_wconf 79' lang='lat' dir='ltr'>singuli</span> <span class='ocrx_word' id='word_1_117' title='bbox 1615 978 1819 1033; x_wconf 87' lang='lat' dir='ltr'>singulos</span> <span class='ocrx_word' id='word_1_118' title='bbox 1840 978 2086 1035; x_wconf 87' lang='lat' dir='ltr'>habebunt,</span> 
     </span>
     <span class='ocr_line' id='line_1_24' title="bbox 348 1048 2087 1106; baseline 0.003 -18"><span class='ocrx_word' id='word_1_119' title='bbox 348 1048 561 1089; x_wconf 87' lang='lat' dir='ltr'>materias</span> <span class='ocrx_word' id='word_1_120' title='bbox 595 1063 649 1089; x_wconf 82' lang='lat' dir='ltr'>ex</span> <span class='ocrx_word' id='word_1_121' title='bbox 675 1052 869 1102; x_wconf 86' lang='lat' dir='ltr'>quatuor</span> <span class='ocrx_word' id='word_1_122' title='bbox 904 1048 1177 1103; x_wconf 86' lang='lat' dir='ltr'>Theologiae</span> <span class='ocrx_word' id='word_1_123' title='bbox 1209 1048 1415 1105; x_wconf 84' lang='lat' dir='ltr'>partibus</span> <span class='ocrx_word' id='word_1_124' title='bbox 1462 1052 1615 1102; x_wconf 79' lang='lat'>(1832:</span> <span class='ocrx_word' id='word_1_125' title='bbox 1650 1051 1863 1093; x_wconf 71' lang='lat' dir='ltr'>materias</span> <span class='ocrx_word' id='word_1_126' title='bbox 1896 1052 2087 1106; x_wconf 70' lang='lat' dir='ltr'>selectas)</span> 
     </span>
     <span class='ocr_line' id='line_1_25' title="bbox 347 1118 2088 1175; baseline 0.003 -16"><span class='ocrx_word' id='word_1_127' title='bbox 347 1118 609 1160; x_wconf 72' lang='lat' dir='ltr'>Praefectus</span> <span class='ocrx_word' id='word_1_128' title='bbox 651 1134 752 1161; x_wconf 88' lang='lat' dir='ltr'>cum</span> <span class='ocrx_word' id='word_1_129' title='bbox 793 1119 1022 1175; x_wconf 83' lang='lat' dir='ltr'>magistris</span> <span class='ocrx_word' id='word_1_130' title='bbox 1063 1119 1325 1174; x_wconf 86' lang='lat' dir='ltr'>distribuet,</span> <span class='ocrx_word' id='word_1_131' title='bbox 1375 1120 1453 1162; x_wconf 86' lang='lat' dir='ltr'>scd</span> <span class='ocrx_word' id='word_1_132' title='bbox 1490 1121 1576 1175; x_wconf 90' lang='lat' dir='ltr'>ita,</span> <span class='ocrx_word' id='word_1_133' title='bbox 1620 1126 1672 1163; x_wconf 90' lang='lat' dir='ltr'>ut</span> <span class='ocrx_word' id='word_1_134' title='bbox 1709 1136 1801 1163; x_wconf 88' lang='lat' dir='ltr'>non</span> <span class='ocrx_word' id='word_1_135' title='bbox 1833 1122 1970 1163; x_wconf 89' lang='lat' dir='ltr'>nimis</span> <span class='ocrx_word' id='word_1_136' title='bbox 2002 1123 2088 1164; x_wconf 78' lang='lat' dir='ltr'>fre-</span> 
     </span>
     <span class='ocr_line' id='line_1_26' title="bbox 350 1190 2090 1246; baseline 0.003 -16"><span class='ocrx_word' id='word_1_137' title='bbox 350 1194 551 1245; x_wconf 82' lang='lat' dir='ltr'>quenter,</span> <span class='ocrx_word' id='word_1_138' title='bbox 600 1190 672 1231; x_wconf 88' lang='lat' dir='ltr'>sed</span> <span class='ocrx_word' id='word_1_139' title='bbox 721 1205 798 1246; x_wconf 90' lang='lat' dir='ltr'>per</span> <span class='ocrx_word' id='word_1_140' title='bbox 837 1190 1082 1233; x_wconf 86' lang='lat' dir='ltr'>intervalla</span> <span class='ocrx_word' id='word_1_141' title='bbox 1121 1191 1341 1246; x_wconf 76' lang='lat' dir='ltr'>quaedam</span> <span class='ocrx_word' id='word_1_142' title='bbox 1372 1191 1639 1246; x_wconf 84' lang='lat' dir='ltr'>habeantur,</span> <span class='ocrx_word' id='word_1_143' title='bbox 1679 1208 1731 1234; x_wconf 90' lang='lat' dir='ltr'>ac</span> <span class='ocrx_word' id='word_1_144' title='bbox 1762 1192 1937 1234; x_wconf 83' lang='lat' dir='ltr'>duabus</span> <span class='ocrx_word' id='word_1_145' title='bbox 1968 1192 2090 1235; x_wconf 90' lang='lat' dir='ltr'>horis</span> 
     </span>
     <span class='ocr_line' id='line_1_27' title="bbox 348 1259 2090 1318; baseline 0.003 -17"><span class='ocrx_word' id='word_1_146' title='bbox 348 1266 393 1301; x_wconf 85' lang='lat' dir='ltr'>et</span> <span class='ocrx_word' id='word_1_147' title='bbox 425 1259 664 1302; x_wconf 85' lang='lat' dir='ltr'>dimidiata</span> <span class='ocrx_word' id='word_1_148' title='bbox 695 1262 935 1304; x_wconf 83' lang='lat' dir='ltr'>minimum</span> <span class='ocrx_word' id='word_1_149' title='bbox 975 1263 1178 1317; x_wconf 49' lang='lat' dir='ltr'>(circiter)</span> <span class='ocrx_word' id='word_1_150' title='bbox 1219 1262 1658 1318; x_wconf 69' lang='lat' dir='ltr'>circumscribantur,</span> <span class='ocrx_word' id='word_1_151' title='bbox 1704 1279 1787 1306; x_wconf 89' lang='lat' dir='ltr'>nec</span> <span class='ocrx_word' id='word_1_152' title='bbox 1826 1263 1916 1305; x_wconf 88' lang='lat' dir='ltr'>nisi</span> <span class='ocrx_word' id='word_1_153' title='bbox 1959 1279 2090 1306; x_wconf 90' lang='lat' dir='ltr'>mane</span> 
     </span>
    </p>
   </div>
   <div class='ocr_carea' id='block_1_13' title="bbox 351 1331 2141 1391">
    <p class='ocr_par' dir='ltr' id='par_1_13' title="bbox 351 1331 2141 1391">
     <span class='ocr_line' id='line_1_28' title="bbox 351 1331 2141 1391; baseline 0.002 -18"><span class='ocrx_word' id='word_1_154' title='bbox 351 1331 425 1372; x_wconf 87' lang='lat' dir='ltr'>vel</span> <span class='ocrx_word' id='word_1_155' title='bbox 458 1348 483 1373; x_wconf 89' lang='lat' dir='ltr'>a</span> <span class='ocrx_word' id='word_1_156' title='bbox 514 1332 703 1388; x_wconf 88' lang='lat' dir='ltr'>prandio</span> <span class='ocrx_word' id='word_1_157' title='bbox 735 1338 939 1387; x_wconf 73' lang='lat' dir='ltr'>tantum,</span> <span class='ocrx_word' id='word_1_158' title='bbox 976 1339 1021 1375; x_wconf 87' lang='lat' dir='ltr'>et</span> <span class='ocrx_word' id='word_1_159' title='bbox 1052 1338 1425 1389; x_wconf 70' lang='lat' dir='ltr'>argumententur</span> <span class='ocrx_word' id='word_1_160' title='bbox 1456 1334 1548 1376; x_wconf 85' lang='lat' dir='ltr'>fere</span> <span class='ocrx_word' id='word_1_161' title='bbox 1580 1349 1672 1376; x_wconf 88' lang='lat' dir='ltr'>non</span> <span class='ocrx_word' id='word_1_162' title='bbox 1702 1334 1933 1391; x_wconf 82' lang='lat' dir='ltr'>pauciores</span> <span class='ocrx_word' id='word_1_163' title='bbox 1957 1350 2091 1390; x_wconf 85' lang='lat' dir='ltr'>quam</span> <span class='ocrx_word' id='word_1_164' title='bbox 2140 1378 2141 1381; x_wconf 65' lang='grc'>,</span> 
     </span>
    </p>
   </div>
   <div class='ocr_carea' id='block_1_14' title="bbox 354 1405 1492 1462">
    <p class='ocr_par' dir='ltr' id='par_1_14' title="bbox 354 1405 1492 1462">
     <span class='ocr_line' id='line_1_29' title="bbox 354 1405 1492 1462; baseline 0.003 -19"><span class='ocrx_word' id='word_1_165' title='bbox 354 1408 455 1457; x_wconf 87' lang='lat' dir='ltr'>tres,</span> <span class='ocrx_word' id='word_1_166' title='bbox 489 1418 679 1459; x_wconf 81' lang='lat' dir='ltr'>quorum</span> <span class='ocrx_word' id='word_1_167' title='bbox 711 1419 828 1446; x_wconf 90' lang='lat' dir='ltr'>unus</span> <span class='ocrx_word' id='word_1_168' title='bbox 861 1406 920 1446; x_wconf 85' lang='lat' dir='ltr'>sit</span> <span class='ocrx_word' id='word_1_169' title='bbox 950 1410 1002 1447; x_wconf 91' lang='lat' dir='ltr'>ut</span> <span class='ocrx_word' id='word_1_170' title='bbox 1034 1405 1280 1462; x_wconf 88' lang='lat' dir='ltr'>plurimum</span> <span class='ocrx_word' id='word_1_171' title='bbox 1312 1405 1492 1446; x_wconf 74' lang='lat' dir='ltr'>Doctor.</span> 
     </span>
    </p>
   </div>
   <div class='ocr_carea' id='block_1_15' title="bbox 497 1498 2095 1557">
    <p class='ocr_par' dir='ltr' id='par_1_15' title="bbox 497 1498 2095 1557">
     <span class='ocr_line' id='line_1_30' title="bbox 497 1498 2095 1557; baseline 0 -14"><span class='ocrx_word' id='word_1_172' title='bbox 497 1498 542 1543; x_wconf 80' lang='grc'>9.</span> <span class='ocrx_word' id='word_1_173' title='bbox 578 1500 821 1541; x_wconf 84' lang='lat' dir='ltr'>Generales</span> <span class='ocrx_word' id='word_1_174' title='bbox 858 1501 1117 1543; x_wconf 86' lang='lat' dir='ltr'>universam</span> <span class='ocrx_word' id='word_1_175' title='bbox 1159 1500 1249 1542; x_wconf 84' lang='lat' dir='ltr'>fere</span> <span class='ocrx_word' id='word_1_176' title='bbox 1279 1500 1569 1556; x_wconf 81' lang='lat' dir='ltr'>Theologiam</span> <span class='ocrx_word' id='word_1_177' title='bbox 1606 1500 2007 1557; x_wconf 78' lang='lat' dir='ltr'>comprehendant,</span> <span class='ocrx_word' id='word_1_178' title='bbox 2049 1506 2095 1543; x_wconf 91' lang='lat' dir='ltr'>et</span> 
     </span>
    </p>
   </div>
   <div class='ocr_carea' id='block_1_16' title="bbox 354 1571 2138 1629">
    <p class='ocr_par' dir='ltr' id='par_1_16' title="bbox 354 1571 2138 1629">
     <span class='ocr_line' id='line_1_31' title="bbox 354 1571 2138 1629; baseline 0.002 -17"><span class='ocrx_word' id='word_1_179' title='bbox 354 1571 761 1613; x_wconf 81' lang='lat' dir='ltr'>antemeridianum</span> <span class='ocrx_word' id='word_1_180' title='bbox 793 1573 1008 1614; x_wconf 83' lang='lat' dir='ltr'>videlicet</span> <span class='ocrx_word' id='word_1_181' title='bbox 1050 1587 1101 1614; x_wconf 84' lang='lat' dir='ltr'>ac</span> <span class='ocrx_word' id='word_1_182' title='bbox 1132 1572 1494 1629; x_wconf 88' lang='lat' dir='ltr'>pomeridianum</span> <span class='ocrx_word' id='word_1_183' title='bbox 1525 1577 1703 1628; x_wconf 88' lang='lat' dir='ltr'>tempus</span> <span class='ocrx_word' id='word_1_184' title='bbox 1737 1577 1976 1629; x_wconf 84' lang='lat' dir='ltr'>occupent,</span> <span class='ocrx_word' id='word_1_185' title='bbox 2022 1574 2096 1616; x_wconf 89' lang='lat' dir='ltr'>vel</span> <span class='ocrx_word' id='word_1_186' title='bbox 2136 1578 2138 1582; x_wconf 82' lang='grc'>’</span> 
     </span>
    </p>
   </div>
   <div class='ocr_carea' id='block_1_17' title="bbox 355 1643 2096 1773">
    <p class='ocr_par' dir='ltr' id='par_1_17' title="bbox 355 1643 2096 1773">
     <span class='ocr_line' id='line_1_32' title="bbox 356 1643 2096 1700; baseline 0.001 -17"><span class='ocrx_word' id='word_1_187' title='bbox 356 1647 472 1683; x_wconf 80' lang='lat' dir='ltr'>certe</span> <span class='ocrx_word' id='word_1_188' title='bbox 515 1643 571 1684; x_wconf 86' lang='lat' dir='ltr'>ad</span> <span class='ocrx_word' id='word_1_189' title='bbox 612 1648 853 1699; x_wconf 85' lang='lat' dir='ltr'>quaternas</span> <span class='ocrx_word' id='word_1_190' title='bbox 892 1660 968 1686; x_wconf 89' lang='lat' dir='ltr'>seu</span> <span class='ocrx_word' id='word_1_191' title='bbox 1002 1645 1163 1700; x_wconf 85' lang='lat' dir='ltr'>quinas</span> <span class='ocrx_word' id='word_1_192' title='bbox 1202 1643 1334 1685; x_wconf 87' lang='lat' dir='ltr'>horas</span> <span class='ocrx_word' id='word_1_193' title='bbox 1377 1643 1697 1700; x_wconf 80' lang='lat' dir='ltr'>producantur,</span> <span class='ocrx_word' id='word_1_194' title='bbox 1744 1644 1824 1685; x_wconf 88' lang='lat' dir='ltr'>ubi</span> <span class='ocrx_word' id='word_1_195' title='bbox 1870 1658 1962 1686; x_wconf 88' lang='lat' dir='ltr'>non</span> <span class='ocrx_word' id='word_1_196' title='bbox 2007 1643 2096 1685; x_wconf 90' lang='lat' dir='ltr'>nisi</span> 
     </span>
     <span class='ocr_line' id='line_1_33' title="bbox 355 1715 1413 1773; baseline 0.002 -19"><span class='ocrx_word' id='word_1_197' title='bbox 355 1729 488 1755; x_wconf 89' lang='lat' dir='ltr'>mane</span> <span class='ocrx_word' id='word_1_198' title='bbox 519 1715 592 1756; x_wconf 82' lang='lat' dir='ltr'>vel</span> <span class='ocrx_word' id='word_1_199' title='bbox 625 1731 650 1757; x_wconf 88' lang='lat' dir='ltr'>a</span> <span class='ocrx_word' id='word_1_200' title='bbox 681 1715 874 1772; x_wconf 80' lang='lat' dir='ltr'>prandio</span> <span class='ocrx_word' id='word_1_201' title='bbox 907 1716 1131 1773; x_wconf 85' lang='lat' dir='ltr'>disputari</span> <span class='ocrx_word' id='word_1_202' title='bbox 1163 1715 1301 1757; x_wconf 86' lang='lat' dir='ltr'>moris</span> <span class='ocrx_word' id='word_1_203' title='bbox 1335 1720 1413 1756; x_wconf 77' lang='lat' dir='ltr'>est.</span> 
     </span>
    </p>
   </div>
   <div class='ocr_carea' id='block_1_18' title="bbox 499 1809 2143 1867">
    <p class='ocr_par' dir='ltr' id='par_1_18' title="bbox 499 1809 2143 1867">
     <span class='ocr_line' id='line_1_34' title="bbox 499 1809 2143 1867; baseline -0.002 -13"><span class='ocrx_word' id='word_1_204' title='bbox 499 1809 575 1854; x_wconf 74' lang='lat'>10..</span> <span class='ocrx_word' id='word_1_205' title='bbox 612 1811 904 1852; x_wconf 77' lang='lat' dir='ltr'>Generalium</span> <span class='ocrx_word' id='word_1_206' title='bbox 941 1811 1101 1853; x_wconf 86' lang='lat' dir='ltr'>horum</span> <span class='ocrx_word' id='word_1_207' title='bbox 1143 1816 1324 1852; x_wconf 87' lang='lat' dir='ltr'>actuum</span> <span class='ocrx_word' id='word_1_208' title='bbox 1359 1810 1667 1852; x_wconf 84' lang='lat' dir='ltr'>conclusiones</span> <span class='ocrx_word' id='word_1_209' title='bbox 1699 1814 1909 1867; x_wconf 75' lang='lat' dir='ltr'>possunt,</span> <span class='ocrx_word' id='word_1_210' title='bbox 1953 1810 1990 1852; x_wconf 84' lang='lat' dir='ltr'>si</span> <span class='ocrx_word' id='word_1_211' title='bbox 2031 1810 2098 1853; x_wconf 91' lang='lat' dir='ltr'>vi-</span> <span class='ocrx_word' id='word_1_212' title='bbox 2142 1842 2143 1847; x_wconf 65' lang='lat'>,</span> 
     </span>
    </p>
   </div>
   <div class='ocr_carea' id='block_1_19' title="bbox 357 1879 2097 2008">
    <p class='ocr_par' dir='ltr' id='par_1_19' title="bbox 357 1879 2097 2008">
     <span class='ocr_line' id='line_1_35' title="bbox 357 1879 2097 1936; baseline 0.002 -16"><span class='ocrx_word' id='word_1_213' title='bbox 357 1879 527 1933; x_wconf 83' lang='lat' dir='ltr'>deatur,</span> <span class='ocrx_word' id='word_1_214' title='bbox 563 1896 654 1922; x_wconf 84' lang='lat' dir='ltr'>esse</span> <span class='ocrx_word' id='word_1_215' title='bbox 687 1897 944 1923; x_wconf 86' lang='lat' dir='ltr'>communes</span> <span class='ocrx_word' id='word_1_216' title='bbox 977 1883 1142 1924; x_wconf 88' lang='lat' dir='ltr'>nostris</span> <span class='ocrx_word' id='word_1_217' title='bbox 1175 1882 1383 1923; x_wconf 88' lang='lat' dir='ltr'>omnibus</span> <span class='ocrx_word' id='word_1_218' title='bbox 1415 1881 1570 1923; x_wconf 85' lang='lat' dir='ltr'>eodem</span> <span class='ocrx_word' id='word_1_219' title='bbox 1603 1896 1721 1923; x_wconf 90' lang='lat' dir='ltr'>anno</span> <span class='ocrx_word' id='word_1_220' title='bbox 1754 1881 2019 1936; x_wconf 84' lang='lat' dir='ltr'>defensuris,</span> <span class='ocrx_word' id='word_1_221' title='bbox 2052 1886 2097 1923; x_wconf 90' lang='lat' dir='ltr'>et</span> 
     </span>
     <span class='ocr_line' id='line_1_36' title="bbox 359 1950 1601 2008; baseline 0.002 -17"><span class='ocrx_word' id='word_1_222' title='bbox 359 1950 552 2006; x_wconf 88' lang='lat' dir='ltr'>publicis</span> <span class='ocrx_word' id='word_1_223' title='bbox 584 1953 721 2008; x_wconf 83' lang='lat' dir='ltr'>typis,</span> <span class='ocrx_word' id='word_1_224' title='bbox 755 1953 792 1994; x_wconf 87' lang='lat' dir='ltr'>si</span> <span class='ocrx_word' id='word_1_225' title='bbox 824 1953 914 1996; x_wconf 90' lang='lat' dir='ltr'>loci</span> <span class='ocrx_word' id='word_1_226' title='bbox 946 1954 1225 1996; x_wconf 86' lang='lat' dir='ltr'>consuetudo</span> <span class='ocrx_word' id='word_1_227' title='bbox 1258 1954 1391 1999; x_wconf 73' lang='lat' dir='ltr'>ferat,</span> <span class='ocrx_word' id='word_1_228' title='bbox 1426 1952 1601 1994; x_wconf 83' lang='lat' dir='ltr'>excudi.</span> 
     </span>
    </p>
   </div>
   <div class='ocr_carea' id='block_1_20' title="bbox 506 2002 2143 2104">
    <p class='ocr_par' dir='ltr' id='par_1_20' title="bbox 506 2002 2143 2104">
     <span class='ocr_line' id='line_1_37' title="bbox 506 2002 2143 2104; baseline -0.001 -12"><span class='ocrx_word' id='word_1_229' title='bbox 506 2046 572 2092; x_wconf 90' lang='lat' dir='ltr'>ll.</span> <span class='ocrx_word' id='word_1_230' title='bbox 607 2048 799 2102; x_wconf 87' lang='lat' dir='ltr'>Eorum,</span> <span class='ocrx_word' id='word_1_231' title='bbox 840 2049 918 2104; x_wconf 85' lang='lat' dir='ltr'>qui</span> <span class='ocrx_word' id='word_1_232' title='bbox 951 2054 1058 2091; x_wconf 90' lang='lat' dir='ltr'>sunt</span> <span class='ocrx_word' id='word_1_233' title='bbox 1091 2048 1173 2091; x_wconf 90' lang='lat' dir='ltr'>hos</span> <span class='ocrx_word' id='word_1_234' title='bbox 1206 2053 1332 2090; x_wconf 89' lang='lat' dir='ltr'>actus</span> <span class='ocrx_word' id='word_1_235' title='bbox 1364 2047 1585 2101; x_wconf 87' lang='lat' dir='ltr'>habituri,</span> <span class='ocrx_word' id='word_1_236' title='bbox 1632 2062 1751 2088; x_wconf 89' lang='lat' dir='ltr'>unus</span> <span class='ocrx_word' id='word_1_237' title='bbox 1794 2046 1843 2088; x_wconf 92' lang='lat' dir='ltr'>in</span> <span class='ocrx_word' id='word_1_238' title='bbox 1887 2047 2095 2088; x_wconf 85' lang='lat' dir='ltr'>ultimam</span> <span class='ocrx_word' id='word_1_239' title='bbox 2141 2002 2143 2091; x_wconf 73' lang='lat' dir='ltr'>l</span> 
     </span>
    </p>
   </div>
   <div class='ocr_carea' id='block_1_21' title="bbox 361 2117 2098 2248">
    <p class='ocr_par' dir='ltr' id='par_1_21' title="bbox 361 2117 2098 2248">
     <span class='ocr_line' id='line_1_38' title="bbox 361 2117 2098 2176; baseline 0 -18"><span class='ocrx_word' id='word_1_240' title='bbox 361 2118 397 2158; x_wconf 88' lang='lat' dir='ltr'>si</span> <span class='ocrx_word' id='word_1_241' title='bbox 431 2119 662 2160; x_wconf 85' lang='lat' dir='ltr'>commode</span> <span class='ocrx_word' id='word_1_242' title='bbox 693 2124 862 2176; x_wconf 87' lang='lat' dir='ltr'>potest,</span> <span class='ocrx_word' id='word_1_243' title='bbox 907 2126 1162 2163; x_wconf 82' lang='lat' dir='ltr'>reservetur</span> <span class='ocrx_word' id='word_1_244' title='bbox 1192 2119 1543 2172; x_wconf 84' lang='lat' dir='ltr'>hebdomadam,</span> <span class='ocrx_word' id='word_1_245' title='bbox 1586 2133 1675 2174; x_wconf 86' lang='lat' dir='ltr'>qua</span> <span class='ocrx_word' id='word_1_246' title='bbox 1711 2117 1863 2159; x_wconf 85' lang='lat' dir='ltr'>studia</span> <span class='ocrx_word' id='word_1_247' title='bbox 1900 2117 2098 2159; x_wconf 87' lang='lat' dir='ltr'>finienda</span> 
     </span>
     <span class='ocr_line' id='line_1_39' title="bbox 362 2189 1693 2248; baseline 0.002 -18"><span class='ocrx_word' id='word_1_248' title='bbox 362 2194 488 2243; x_wconf 92' lang='lat' dir='ltr'>sunt,</span> <span class='ocrx_word' id='word_1_249' title='bbox 522 2190 636 2232; x_wconf 90' lang='lat' dir='ltr'>alter</span> <span class='ocrx_word' id='word_1_250' title='bbox 667 2191 716 2232; x_wconf 85' lang='lat' dir='ltr'>in</span> <span class='ocrx_word' id='word_1_251' title='bbox 748 2207 866 2245; x_wconf 89' lang='lat' dir='ltr'>eam,</span> <span class='ocrx_word' id='word_1_252' title='bbox 899 2207 989 2248; x_wconf 83' lang='lat' dir='ltr'>qua</span> <span class='ocrx_word' id='word_1_253' title='bbox 1020 2192 1198 2234; x_wconf 87' lang='lat' dir='ltr'>scholae</span> <span class='ocrx_word' id='word_1_254' title='bbox 1230 2206 1382 2233; x_wconf 85' lang='lat' dir='ltr'>rursus</span> <span class='ocrx_word' id='word_1_255' title='bbox 1413 2189 1693 2247; x_wconf 85' lang='lat' dir='ltr'>aperiendae.</span> 
     </span>
    </p>
   </div>
   <div class='ocr_carea' id='block_1_22' title="bbox 363 2283 2100 2629">
    <p class='ocr_par' dir='ltr' id='par_1_22' title="bbox 363 2283 2100 2629">
     <span class='ocr_line' id='line_1_40' title="bbox 505 2283 2099 2342; baseline -0.003 -13"><span class='ocrx_word' id='word_1_256' title='bbox 505 2284 578 2331; x_wconf 74' lang='grc'>12.</span> <span class='ocrx_word' id='word_1_257' title='bbox 612 2286 685 2327; x_wconf 89' lang='lat' dir='ltr'>Ad</span> <span class='ocrx_word' id='word_1_258' title='bbox 717 2291 845 2328; x_wconf 85' lang='lat' dir='ltr'>actus</span> <span class='ocrx_word' id='word_1_259' title='bbox 876 2287 1107 2342; x_wconf 83' lang='lat' dir='ltr'>generales</span> <span class='ocrx_word' id='word_1_260' title='bbox 1139 2285 1370 2328; x_wconf 83' lang='lat' dir='ltr'>habendos</span> <span class='ocrx_word' id='word_1_261' title='bbox 1401 2284 1542 2340; x_wconf 87' lang='lat' dir='ltr'>aliqui</span> <span class='ocrx_word' id='word_1_262' title='bbox 1578 2283 1820 2339; x_wconf 86' lang='lat' dir='ltr'>quotannis</span> <span class='ocrx_word' id='word_1_263' title='bbox 1844 2284 2099 2326; x_wconf 89' lang='lat' dir='ltr'>invitentur</span> 
     </span>
     <span class='ocr_line' id='line_1_41' title="bbox 363 2354 2099 2414; baseline -0.001 -17"><span class='ocrx_word' id='word_1_264' title='bbox 363 2357 556 2411; x_wconf 82' lang='lat' dir='ltr'>externi,</span> <span class='ocrx_word' id='word_1_265' title='bbox 606 2358 683 2413; x_wconf 83' lang='lat' dir='ltr'>qui</span> <span class='ocrx_word' id='word_1_266' title='bbox 730 2358 1004 2414; x_wconf 86' lang='lat' dir='ltr'>Theologiae</span> <span class='ocrx_word' id='word_1_267' title='bbox 1052 2357 1321 2399; x_wconf 89' lang='lat' dir='ltr'>curriculum</span> <span class='ocrx_word' id='word_1_268' title='bbox 1374 2356 1422 2397; x_wconf 90' lang='lat' dir='ltr'>in</span> <span class='ocrx_word' id='word_1_269' title='bbox 1473 2360 1627 2397; x_wconf 90' lang='lat' dir='ltr'>nostro</span> <span class='ocrx_word' id='word_1_270' title='bbox 1670 2354 1947 2410; x_wconf 81' lang='lat' dir='ltr'>Gymnasiol</span> <span class='ocrx_word' id='word_1_271' title='bbox 2006 2369 2099 2396; x_wconf 87' lang='lat' dir='ltr'>non</span> 
     </span>
     <span class='ocr_line' id='line_1_42' title="bbox 364 2427 2100 2484; baseline 0 -17"><span class='ocrx_word' id='word_1_272' title='bbox 364 2427 529 2482; x_wconf 78' lang='lat' dir='ltr'>exigua</span> <span class='ocrx_word' id='word_1_273' title='bbox 573 2443 675 2470; x_wconf 90' lang='lat' dir='ltr'>cum</span> <span class='ocrx_word' id='word_1_274' title='bbox 721 2430 855 2471; x_wconf 87' lang='lat' dir='ltr'>laude</span> <span class='ocrx_word' id='word_1_275' title='bbox 902 2431 1189 2472; x_wconf 79' lang='lat' dir='ltr'>confecerint.</span> <span class='ocrx_word' id='word_1_276' title='bbox 1252 2427 1526 2484; x_wconf 84' lang='lat' dir='ltr'>Hujusmodi</span> <span class='ocrx_word' id='word_1_277' title='bbox 1567 2430 1717 2468; x_wconf 91' lang='lat' dir='ltr'>autem</span> <span class='ocrx_word' id='word_1_278' title='bbox 1757 2431 1884 2468; x_wconf 88' lang='lat' dir='ltr'>actus</span> <span class='ocrx_word' id='word_1_279' title='bbox 1923 2429 2100 2482; x_wconf 83' lang='lat' dir='ltr'>oportet</span> 
     </span>
     <span class='ocr_line' id='line_1_43' title="bbox 363 2499 2097 2557; baseline -0.001 -18"><span class='ocrx_word' id='word_1_280' title='bbox 363 2513 456 2539; x_wconf 85' lang='lat' dir='ltr'>esse</span> <span class='ocrx_word' id='word_1_281' title='bbox 488 2499 645 2541; x_wconf 79' lang='lat' dir='ltr'>ceteris</span> <span class='ocrx_word' id='word_1_282' title='bbox 677 2501 967 2543; x_wconf 83' lang='lat' dir='ltr'>solemniores</span> <span class='ocrx_word' id='word_1_283' title='bbox 999 2506 1043 2542; x_wconf 89' lang='lat' dir='ltr'>et</span> <span class='ocrx_word' id='word_1_284' title='bbox 1065 2506 1237 2557; x_wconf 86' lang='lat' dir='ltr'>quanto</span> <span class='ocrx_word' id='word_1_285' title='bbox 1267 2499 1464 2541; x_wconf 83' lang='lat' dir='ltr'>maximo</span> <span class='ocrx_word' id='word_1_286' title='bbox 1485 2502 1764 2552; x_wconf 87' lang='lat' dir='ltr'>nostrorum,</span> <span class='ocrx_word' id='word_1_287' title='bbox 1798 2502 2097 2539; x_wconf 64' lang='lat' dir='ltr'>externorum,</span> 
     </span>
     <span class='ocr_line' id='line_1_44' title="bbox 363 2568 1896 2629; baseline -0.001 -19"><span class='ocrx_word' id='word_1_288' title='bbox 363 2570 594 2612; x_wconf 86' lang='lat' dir='ltr'>doctorum</span> <span class='ocrx_word' id='word_1_289' title='bbox 629 2586 680 2613; x_wconf 86' lang='lat' dir='ltr'>ac</span> <span class='ocrx_word' id='word_1_290' title='bbox 712 2572 975 2629; x_wconf 85' lang='lat' dir='ltr'>Principum</span> <span class='ocrx_word' id='word_1_291' title='bbox 1008 2572 1144 2614; x_wconf 85' lang='lat' dir='ltr'>etiam</span> <span class='ocrx_word' id='word_1_292' title='bbox 1176 2573 1377 2614; x_wconf 88' lang='lat' dir='ltr'>virorum</span> <span class='ocrx_word' id='word_1_293' title='bbox 1408 2573 1636 2611; x_wconf 87' lang='lat' dir='ltr'>conventu</span> <span class='ocrx_word' id='word_1_294' title='bbox 1669 2568 1896 2610; x_wconf 89' lang='lat' dir='ltr'>celebrari.</span> 
     </span>
    </p>
   </div>
   <div class='ocr_carea' id='block_1_23' title="bbox 363 2663 2100 2867">
    <p class='ocr_par' dir='ltr' id='par_1_23' title="bbox 363 2663 2100 2867">
     <span class='ocr_line' id='line_1_45' title="bbox 506 2663 2100 2718; baseline -0.004 -7"><span class='ocrx_word' id='word_1_295' title='bbox 506 2665 576 2711; x_wconf 75' lang='lat'>13.</span> <span class='ocrx_word' id='word_1_296' title='bbox 612 2667 907 2708; x_wconf 77' lang='lat' dir='ltr'>Praesideant</span> <span class='ocrx_word' id='word_1_297' title='bbox 940 2667 1149 2709; x_wconf 79' lang='lat' dir='ltr'>omnibus</span> <span class='ocrx_word' id='word_1_298' title='bbox 1183 2666 1355 2708; x_wconf 83' lang='lat' dir='ltr'>actibus</span> <span class='ocrx_word' id='word_1_299' title='bbox 1387 2664 1681 2718; x_wconf 82' lang='lat' dir='ltr'>Professores,</span> <span class='ocrx_word' id='word_1_300' title='bbox 1713 2664 1788 2705; x_wconf 84' lang='lat' dir='ltr'>vel</span> <span class='ocrx_word' id='word_1_301' title='bbox 1816 2663 2004 2706; x_wconf 84' lang='lat' dir='ltr'>alterni²</span> <span class='ocrx_word' id='word_1_302' title='bbox 2025 2663 2100 2706; x_wconf 88' lang='lat' dir='ltr'>vel</span> 
     </span>
     <span class='ocr_line' id='line_1_46' title="bbox 364 2734 2098 2792; baseline 0 -17"><span class='ocrx_word' id='word_1_303' title='bbox 364 2735 495 2777; x_wconf 82' lang='lat' dir='ltr'>simul</span> <span class='ocrx_word' id='word_1_304' title='bbox 545 2738 698 2792; x_wconf 85' lang='lat' dir='ltr'>ambo,</span> <span class='ocrx_word' id='word_1_305' title='bbox 756 2738 821 2779; x_wconf 84' lang='lat' dir='ltr'>ita</span> <span class='ocrx_word' id='word_1_306' title='bbox 865 2743 916 2780; x_wconf 93' lang='lat' dir='ltr'>ut</span> <span class='ocrx_word' id='word_1_307' title='bbox 965 2739 1018 2780; x_wconf 85' lang='lat' dir='ltr'>de</span> <span class='ocrx_word' id='word_1_308' title='bbox 1059 2738 1150 2779; x_wconf 81' lang='lat' dir='ltr'>suis</span> <span class='ocrx_word' id='word_1_309' title='bbox 1189 2741 1375 2792; x_wconf 87' lang='lat' dir='ltr'>uterque</span> <span class='ocrx_word' id='word_1_310' title='bbox 1419 2734 1760 2792; x_wconf 87' lang='lat' dir='ltr'>quaestionibus</span> <span class='ocrx_word' id='word_1_311' title='bbox 1806 2734 2098 2792; x_wconf 76' lang='lat' dir='ltr'>respondeat,</span> 
     </span>
     <span class='ocr_line' id='line_1_47' title="bbox 363 2807 1531 2867; baseline 0.001 -20"><span class='ocrx_word' id='word_1_312' title='bbox 363 2807 613 2863; x_wconf 84' lang='lat' dir='ltr'>praesidere</span> <span class='ocrx_word' id='word_1_313' title='bbox 644 2810 782 2851; x_wconf 88' lang='lat' dir='ltr'>etiam</span> <span class='ocrx_word' id='word_1_314' title='bbox 813 2815 1002 2867; x_wconf 83' lang='lat' dir='ltr'>possunt</span> <span class='ocrx_word' id='word_1_315' title='bbox 1034 2810 1112 2851; x_wconf 85' lang='lat' dir='ltr'>alii</span> <span class='ocrx_word' id='word_1_316' title='bbox 1145 2809 1349 2850; x_wconf 82' lang='lat' dir='ltr'>doctores</span> <span class='ocrx_word' id='word_1_317' title='bbox 1376 2807 1531 2849; x_wconf 89' lang='lat' dir='ltr'>nostri.</span> 
     </span>
    </p>
   </div>
   <div class='ocr_carea' id='block_1_24' title="bbox 367 2982 2099 3151">
    <p class='ocr_par' dir='ltr' id='par_1_24' title="bbox 367 2982 2099 3151">
     <span class='ocr_line' id='line_1_48' title="bbox 507 2982 2099 3029; baseline -0.001 -11"><span class='ocrx_word' id='word_1_318' title='bbox 507 2999 517 3018; x_wconf 85' lang='lat'>1</span> <span class='ocrx_word' id='word_1_319' title='bbox 545 2984 779 3028; x_wconf 79' lang='lat' dir='ltr'>Gymnasium</span> <span class='ocrx_word' id='word_1_320' title='bbox 807 2988 895 3029; x_wconf 79' lang='lat' dir='ltr'>hier,</span> <span class='ocrx_word' id='word_1_321' title='bbox 924 2988 993 3022; x_wconf 89' lang='lat' dir='ltr'>wie</span> <span class='ocrx_word' id='word_1_322' title='bbox 1021 2998 1059 3021; x_wconf 89' lang='lat' dir='ltr'>so</span> <span class='ocrx_word' id='word_1_323' title='bbox 1093 2986 1166 3028; x_wconf 79' lang='lat' dir='ltr'>oft,</span> <span class='ocrx_word' id='word_1_324' title='bbox 1194 3002 1238 3017; x_wconf 65' lang='grc' dir='ltr'>Ξ</span> <span class='ocrx_word' id='word_1_325' title='bbox 1271 2986 1474 3021; x_wconf 70' lang='lat' dir='ltr'>Akademie</span> <span class='ocrx_word' id='word_1_326' title='bbox 1503 2985 1569 3020; x_wconf 85' lang='lat' dir='ltr'>mit</span> <span class='ocrx_word' id='word_1_327' title='bbox 1598 2983 1838 3025; x_wconf 84' lang='lat' dir='ltr'>Grammatik‚</span> <span class='ocrx_word' id='word_1_328' title='bbox 1864 2982 2099 3023; x_wconf 63' lang='lat' dir='ltr'>Humanam,</span> 
     </span>
     <span class='ocr_line' id='line_1_49' title="bbox 367 3044 1158 3091; baseline 0.004 -13"><span class='ocrx_word' id='word_1_329' title='bbox 367 3044 558 3086; x_wconf 82' lang='lat' dir='ltr'>Rhetorik‚</span> <span class='ocrx_word' id='word_1_330' title='bbox 584 3046 819 3090; x_wconf 86' lang='lat' dir='ltr'>Philosophie</span> <span class='ocrx_word' id='word_1_331' title='bbox 845 3049 918 3082; x_wconf 86' lang='lat' dir='ltr'>und</span> <span class='ocrx_word' id='word_1_332' title='bbox 945 3047 1158 3091; x_wconf 86' lang='lat' dir='ltr'>Theologie.</span> 
     </span>
     <span class='ocr_line' id='line_1_50' title="bbox 511 3104 1040 3151; baseline 0.009 -12"><span class='ocrx_word' id='word_1_333' title='bbox 511 3104 524 3122; x_wconf 80' lang='lat'>²</span> <span class='ocrx_word' id='word_1_334' title='bbox 549 3115 595 3140; x_wconf 88' lang='lat'><em>111.</em></span> <span class='ocrx_word' id='word_1_335' title='bbox 621 3106 797 3151; x_wconf 82' lang='lat' dir='ltr'>alternis;</span> <span class='ocrx_word' id='word_1_336' title='bbox 821 3115 874 3150; x_wconf 87' lang='lat' dir='ltr'>pr.</span> <span class='ocrx_word' id='word_1_337' title='bbox 890 3106 1040 3144; x_wconf 83' lang='lat' dir='ltr'>alterni.</span> 
     </span>
    </p>
   </div>
  </div>
 </body>
</html>
