2153 3467
297 187 383 228 516
476 195 586 230 Ratio
613 194 813 229 studiorum
841 198 879 228 et
904 193 1157 229 institutiones
1183 193 1426 230 scholasticae
1452 194 1648 229 Societatis
1674 195 1763 231 Jesu
1786 197 1825 231 II

298 313 374 355 dio
405 328 449 355 se
480 313 604 355 uinci
636 311 769 355 facile
800 312 1029 369 patiatur?
1091 313 1241 369 Igitur
1279 311 1354 354 hic
1395 327 1572 368 quoque
1615 312 1712 354 fieri
1742 313 1868 368 solet,
1899 315 2020 370 quod

298 384 346 426 in
394 384 483 426 alio
523 386 791 439 argumento
830 387 961 425 uetus
1003 384 1145 425 Poeta
1183 381 1320 424 dixit:
1372 382 1516 425 Video
1554 382 1738 425 meliora
1779 383 2019 440 proboque,

296 455 531 496 Deteriora
569 467 743 510 sequor.
805 454 1013 496 Fortasse
1049 454 1194 496 uereri
1240 468 1417 509 quoque
1464 468 1664 510 possum,
1711 469 1767 496 ne
1810 455 1887 510 qui
1936 455 2021 497 1100

301 540 448 568 meum
478 525 695 568 iudicium
717 525 901 582 expetit,
932 525 1162 567 uolucrem
1190 524 1348 581 pennis
1368 525 1544 580 exiguis
1562 525 1812 581 praeditam
1842 525 2019 580 referat,

298 601 342 638 et
372 598 421 638 in
453 596 596 639 altum
634 601 788 638 tamen
825 596 1002 649 uolare,
1043 600 1086 637 et
1127 595 1254 650 quasi
1293 595 1509 651 Aquilam
1545 599 1772 652 praestare
1810 596 2018 638 confidat.

298 669 361 710 Vt
392 668 511 709 enim
543 668 738 723 ingenue
771 667 916 708 dicam
948 666 1068 722 quod
1101 666 1258 720 sentio,
1291 681 1342 708 ac
1373 665 1489 707 nihil
1509 666 1675 708 coelem
1708 665 1879 723 [celem]
1912 667 2020 709 ami-

301 738 531 782 cissimum
562 738 724 792 uirum,
757 751 946 793 magnos
986 736 1035 778 in
1067 737 1331 779 scholastica
1367 736 1615 793 Theologia
1646 752 1904 793 progressus
1932 737 2023 780 sru-

295 815 389 852 stra
409 809 653 851 meditatur
676 809 754 864 qui
785 822 1020 863 nunquam
1041 807 1089 848 in
1111 823 1163 849 ea
1193 812 1579 864 praeceptores
1609 808 1866 850 docentes
1897 809 2022 851 audi-

300 880 371 922 uit
402 885 447 922 et
476 880 606 921 firma
637 894 730 921 non
761 879 867 920 iecit
897 878 1294 935 philosophiae
1333 878 1712 933 fundamenta,
1755 894 1868 935 quae
1901 881 2021 936 apud

302 952 551 994 Germanos
583 949 763 1005 quidem
795 949 969 991 modice
999 964 1226 1005 praueque
1259 949 1524 1003 traduntur,
1563 954 1608 992 et
1645 950 1722 1006 qui
1753 950 1803 991 in
1842 949 1961 1006 disp
1973 966 2022 992 u-

295 1021 455 1063 tandi
492 1020 735 1077 palestra
773 1034 906 1073 sese,
938 1019 1009 1062 uti
1041 1019 1241 1074 decebat,
1274 1020 1423 1063 minus
1453 1020 1666 1062 exercuit.
1729 1021 1850 1063 Huic
1880 1021 2022 1077 igitur

296 1108 377 1135 nec
409 1091 585 1144 author,
617 1106 700 1133 nec
733 1091 989 1133 admonitor
1021 1105 1113 1132 esse
1132 1090 1282 1145 uelim,
1316 1096 1368 1133 ut
1400 1092 1448 1133 in
1471 1091 1759 1133 Scholasticis
1779 1091 2022 1148 Theologis

297 1162 560 1205 euoluendis
577 1162 773 1205 multum
795 1177 954 1219 operae
971 1166 1125 1218 ponat,
1143 1161 1232 1203 nisi
1250 1161 1392 1203 bonas
1408 1162 1539 1204 horas
1559 1163 1675 1204 male
1697 1162 1810 1204 uelit
1828 1162 2020 1219 perdere.

296 1234 416 1276 Illud
433 1234 584 1290 potius
602 1248 684 1289 ego
702 1233 930 1287 suaserim,
949 1237 1001 1274 ut
1014 1234 1159 1288 graui,
1180 1233 1358 1290 spinoso
1376 1237 1420 1275 et
1432 1233 1645 1276 intricato
1660 1234 1739 1276 illo
1750 1233 2022 1290 Theologiae

298 1305 463 1359 studio,
496 1305 554 1346 ad
586 1304 707 1360 quod
739 1318 891 1346 omnes
910 1304 1061 1346 idonei
1080 1318 1170 1346 non
1193 1308 1310 1357 sunt,
1343 1305 1666 1361 praetermisso,
1701 1305 1757 1346 ad
1789 1305 1876 1347 alia
1897 1320 2022 1347 sacra

296 1391 340 1418 se
379 1376 623 1418 transferat
665 1390 744 1418 suo
792 1375 948 1432 captui
989 1389 1040 1416 ac
1077 1374 1260 1430 ingenio
1293 1376 1662 1431 congruentiora,
1702 1380 1747 1417 et
1774 1391 1828 1418 ex
1860 1377 2022 1432 quibus

298 1448 481 1490 uberior
512 1448 687 1489 fructus
718 1446 1017 1504 probabiliter
1048 1445 1201 1501 colligi
1234 1446 1386 1502 possit.
1434 1446 1734 1496 Quamobrem
1767 1448 1843 1503 qui
1874 1453 2023 1504 pasto-

295 1519 379 1560 rali
402 1533 583 1560 munere
603 1522 832 1572 grauatus,
866 1522 911 1559 et
942 1518 991 1559 in
1010 1517 1288 1559 scholasticis
1314 1517 1445 1559 rebus
1467 1533 1519 1560 ac
1540 1519 1744 1560 terminis
1775 1519 1892 1561 male
1923 1535 2020 1562 uer-

295 1594 418 1632 satus
450 1593 529 1643 est,
560 1593 679 1630 recte
711 1589 893 1644 quidem
924 1588 1093 1641 fecerit,
1126 1589 1163 1629 si
1193 1589 1464 1630 recentiores
1497 1589 1748 1644 Theologos
1777 1589 1864 1631 sibi
1893 1604 2020 1647 prae--

295 1665 493 1717 ceptores
526 1660 823 1714 accersiuerit,
856 1664 900 1701 et
931 1659 1180 1701 faciliorem
1200 1659 1462 1701 methodum
1495 1660 1550 1702 ab
1569 1660 1660 1702 illis
1686 1660 1904 1703 traditam
1935 1661 2022 1703 sibi

294 1731 542 1774 reddiderit
585 1731 867 1773 familiarem.
930 1731 1113 1786 Loquor
1158 1732 1212 1772 de
1257 1731 1587 1787 commentarijs
1626 1731 1699 1773 uel
1736 1731 1918 1774 dictatis
1947 1733 2021 1774 uel

295 1802 426 1844 editis
448 1812 600 1845 nostro
633 1803 794 1857 seculo,
828 1802 1088 1859 praesertim
1117 1817 1143 1843 a
1164 1800 1497 1844 Professoribus
1514 1802 1854 1857 Parisiensibus,
1875 1803 2021 1845 Loua-

296 1874 526 1916 niensibus
558 1879 602 1916 et
633 1874 863 1930 Hispanis,
896 1878 948 1915 ut
980 1877 1172 1929 quatuor
1196 1873 1532 1915 Sententiarum
1550 1872 1702 1926 libros,
1733 1872 1805 1914 uel
1826 1873 1882 1915 D.
1904 1873 2020 1915 Tho-

295 1960 394 1988 mae
427 1945 660 1987 Summam
691 1945 950 1987 rudioribus
972 1945 1211 2001 explicent.
1264 1945 1532 2000 Quanquam
1553 1943 1627 1986 hic
1659 1945 1795 1986 etiam
1826 1945 2021 2002 sapienti

294 2016 613 2073 praeteritione
646 2016 740 2058 siue
772 2016 1070 2073 praescisione
1098 2016 1193 2071 [sic]
1229 2014 1448 2057 utendum
1468 2014 1680 2072 putarim,
1712 2019 1764 2057 ut
1795 2015 1893 2072 alijs
1915 2030 2018 2058 acu-

295 2087 486 2129 tioribus
532 2093 576 2129 et
620 2087 912 2129 ociosioribus
960 2087 1078 2141 (oti—)
1119 2085 1379 2128 hominibus
1411 2100 1507 2127 eam
1538 2085 1810 2141 Theologiae
1846 2090 2018 2142 partem

294 2158 564 2214 relinquant,
587 2173 700 2214 quae
721 2158 778 2200 ad
796 2162 1110 2200 sacrosanctae
1130 2155 1368 2199 Trinitatis
1389 2156 1577 2199 sublime
1598 2157 1863 2213 mysterium
1885 2162 1929 2199 et
1961 2157 2018 2199 ad

293 2235 502 2272 naturam
534 2230 802 2285 Angelicam
845 2230 1128 2286 primamque
1164 2243 1312 2272 rerum
1349 2229 1623 2271 creationem
1661 2228 1870 2285 pertinet.
1932 2229 2018 2271 His

295 2302 414 2342 enim
431 2305 476 2342 et
492 2301 717 2343 similibus
732 2301 947 2343 abstrusis
962 2301 1222 2356 arcanisque
1241 2300 1530 2356 argumentiS‚
1550 2299 1598 2340 in
1620 2299 1783 2354 quibus
1801 2299 2019 2356 Theologi

296 2371 564 2414 Scholastici
595 2373 808 2414 lectorem
842 2372 920 2414 diu
950 2376 1249 2427 remorantur,
1291 2372 1378 2414 alia
1415 2372 1485 2414 uti
1516 2370 1739 2425 faciliora,
1780 2371 1844 2413 sic
1882 2370 2017 2412 etiam

294 2444 460 2485 nostris
479 2443 754 2500 temporibus
776 2443 1158 2498 conuenientiora,
1190 2443 1423 2499 magisque
1446 2440 1646 2484 Parocho
1663 2442 1912 2484 necessaria
1931 2442 2017 2484 rite

295 2514 638 2556 substituentur.
692 2514 783 2557 Vbi
815 2529 888 2556 eos
922 2529 1003 2570 ego
1037 2514 1274 2571 scriptores
1296 2513 1519 2569 intelligo,
1553 2515 1631 2569 qui
1663 2513 1716 2554 de
1747 2513 2017 2569 quaestioni-

295 2585 379 2627 bus
418 2585 525 2626 fidei
567 2586 652 2627 hoc
699 2586 841 2628 ferreo
888 2586 1036 2627 seculo
1085 2585 1380 2627 controuersis
1411 2599 1463 2625 ex
1505 2584 1701 2641 professo
1732 2588 1941 2638 tractant,
1972 2588 2017 2625 et

297 2671 399 2698 cum
419 2656 654 2698 haereticis
672 2661 824 2713 aperto
846 2657 992 2698 Marte
1011 2655 1339 2709 conflictantur,
1366 2655 1739 2710 quemadmodum
1753 2653 2015 2710 Roffensis²,

443 2740 451 2758 ¹
480 2739 649 2773 Gremeint
664 2739 713 2773 ist
728 2740 790 2774 der
805 2739 991 2773 beriihmte
1007 2738 1158 2773 Bischof
1169 2749 1238 2772 von
1252 2738 1452 2772 Rochester
1468 2738 1514 2781 (R
1525 2739 1742 2783 offensis)
1756 2739 1827 2773 und
1840 2738 2017 2781 Martyrer

295 2803 403 2832 unter
429 2797 601 2832 Heinrich
631 2799 731 2831 VIII.
760 2809 827 2833 von
853 2798 1037 2842 England,
1066 2798 1161 2832 Joh.
1189 2797 1291 2832 Fish
1304 2807 1357 2833 er.
1408 2798 1463 2832 Jo.
1491 2798 1696 2844 Fischer,
1723 2797 1903 2832 Roffensis
1928 2797 2015 2841 Epi-

294 2857 412 2900 scopi,
451 2857 617 2891 defensio
657 2857 782 2901 regiae
821 2857 1037 2893 assertionis
1076 2862 1204 2892 contra
1242 2857 1498 2901 Babylonicam
1531 2858 1805 2902 Captivitatem,
1833 2855 2014 2896 Coloniae,

295 2915 646 2957 Quentel.1525,4⁰.
674 2937 715 2940 —
744 2916 912 2961 Ej.Sa(:ri
929 2917 1303 2952 Sacerdotiidefensio
1320 2922 1446 2952 contra
1462 2917 1670 2958 Lutherum‚
1685 2917 1771 2951 ibid.
1788 2917 1887 2959 1525,
1902 2917 1950 2952 4⁰.
1967 2935 2009 2940 —

293 2974 348 3018 Ej.
374 2974 418 3009 de
445 2975 599 3010 veritate
626 2975 786 3018 corporis
807 2980 844 3010 ct
858 2976 1048 3019 sanguinis
1064 2975 1199 3011 Christi
1226 2976 1262 3010 in
1277 2976 1510 3012 Eucharistia
1536 2977 1636 3012 libris
1662 2976 1836 3012 adversus
1851 2975 1884 3009 J.
1900 2974 2012 3010 Oeco-

293 3033 533 3078 lampadium3
566 3045 659 3069 nova
694 3034 747 3069 ed.
774 3035 948 3069 Coloniae
978 3036 1077 3075 1527,
1104 3035 1167 3069 fol.
1194 3055 1237 3059 -—
1265 3035 1319 3080 Ej.
1347 3036 1562 3072 assertionis
1589 3035 1822 3071 Lutheranae
1847 3035 2013 3070 confuta-

293 3091 356 3133 tio,
383 3092 429 3126 ib.
459 3093 558 3136 1523,
586 3095 647 3128 fol.
676 3114 714 3118 --
745 3093 864 3138 Opera
891 3094 1011 3129 omnia
1036 3093 1272 3140 Wirceburgi
1301 3096 1399 3136 1597,
1426 3095 1489 3130 fol.
