2143 3462
333 186 418 227 232
528 195 639 228 Ratio
667 194 869 230 studiorum
898 200 935 229 et
962 195 1216 230 institut-iones
1243 194 1488 229 scholasticae
1513 195 1710 230 Societatis
1736 196 1824 231 Jesu
1850 197 1888 230 11

334 313 544 355 omnibus
594 313 796 356 scientiis
843 329 934 356 una
981 330 1154 372 semper
1201 318 1335 370 atque
1376 315 1530 356 eadem
1571 315 1761 369 eminet;
1813 331 1896 357 nec
1934 317 2031 359 fieri

331 389 495 441 potest,
528 389 593 439 ut,
629 386 751 441 quod
782 386 831 427 in
861 386 1066 442 physicis
1099 391 1178 428 aut
1210 386 1540 428 mathematicis
1561 401 1718 429 verum
1741 387 1812 442 sit,
1845 387 2032 430 veritati

333 456 509 498 altioris
541 456 713 499 ordinis
743 472 947 513 unquam
977 462 1221 513 repugnet,
1263 458 1396 500 modo
1428 473 1484 500 ne
1514 458 1622 500 ficta
1651 473 1731 515 pro
1762 459 1952 501 libidine
1982 476 2033 502 ac

332 533 496 570 temere
536 528 759 570 affirmata
799 544 879 585 pro
913 528 1030 570 veris
1064 533 1199 584 atque
1230 529 1504 571 indubitatis
1545 529 1863 585 obtrudantur,
1912 531 2033 586 quod

334 600 479 656 ipsum
510 599 753 656 impiorum
786 599 1031 641 artificium
1063 599 1270 656 detegere
1302 612 1438 656 atque
1471 601 1722 643 convellere
1744 601 1945 644 studium
1966 607 2034 644 est

334 672 580 714 christiano
603 686 653 714 ac
675 671 888 726 religioso
910 671 1118 727 physices
1142 687 1193 713 ac
1213 671 1463 714 matheseos
1496 672 1668 714 cultore
1701 672 2031 728 dignissimum.

476 744 682 799 Denique
713 743 761 784 in
793 743 1049 785 scholarum
1081 743 1412 785 inferiorum
1442 743 1618 786 ratione
1648 744 1763 786 illud
1798 744 2034 800 providen-

335 817 444 859 dum
475 816 578 870 fuit,
611 819 664 856 ut
694 816 743 856 in
773 814 865 855 illis
897 818 994 856 tum
1023 815 1282 857 accessoriis
1304 815 1576 870 quibusdam
1596 815 1728 857 rebus
1751 803 2035 864 addiscendis

335 887 508 943 aliquid
551 886 768 942 temporis
811 885 1140 940 assignaretur,
1184 889 1282 927 tum
1319 886 1581 942 praesertim
1612 886 1798 942 linguae
1830 902 1881 929 ac
1912 887 2034 929 litte-

333 964 513 1001 raturae
543 958 717 1015 patriae
749 956 1014 1012 diligentior
1045 956 1226 999 daretur
1259 972 1411 1013 opera,
1457 959 1524 999 ita
1555 962 1729 1012 tamen,
1776 962 1829 1000 ut
1859 959 2035 1001 salvum

335 1045 507 1086 semper
538 1033 743 1071 maneret
775 1044 826 1070 ac
856 1029 1149 1085 praecipuum
1180 1028 1381 1071 studium
1412 1028 1659 1071 latinarum
1685 1044 2037 1086 graecarumque

336 1103 615 1154 litterarum,
664 1115 798 1156 quae,
845 1104 898 1141 ut
930 1100 1038 1141 olim
1069 1099 1215 1154 fuere,
1254 1101 1320 1142 ita
1352 1104 1459 1142 sunt
1489 1101 1627 1142 etiam
1657 1115 1780 1142 nunc
1810 1101 2037 1158 principes

338 1172 506 1215 solidae
552 1172 784 1214 doctrinae
830 1171 1065 1227 bonaeque
1111 1172 1395 1214 litteraturae
1433 1171 1584 1214 fontes
1622 1186 1675 1214 ac
1711 1171 2038 1228 perfectissima

336 1243 691 1302 pulchritudinis
723 1243 945 1299 exe1npla;
981 1258 1095 1299 quae
1129 1243 1168 1286 si
1200 1243 1256 1286 ob
1289 1244 1442 1285 oculos
1473 1243 1735 1299 animosque
1765 1243 1910 1299 magis
1938 1259 2037 1285 ver-

336 1321 557 1370 sarentur,
589 1329 682 1357 non
715 1319 810 1356 tam
842 1315 987 1356 multa
1006 1314 1242 1371 prodirent
1260 1314 1309 1356 in
1329 1314 1423 1356 dies
1442 1315 1679 1358 hominum
1698 1316 2038 1371 ingeniosorum

339 1387 507 1444 scripta
543 1401 635 1428 non
679 1386 829 1428 minus
869 1385 1049 1427 dicendi
1085 1385 1232 1428 forma
1263 1402 1315 1428 ac
1346 1387 1492 1443 stylo,
1542 1402 1678 1443 quam
1717 1387 1957 1429 sententiis
1994 1392 2039 1429 et

338 1457 629 1515 opinionibus
650 1472 772 1500 nova
793 1457 927 1514 plane
950 1472 1002 1499 ac
1024 1457 1289 1512 singularia,
1322 1472 1437 1512 quae
1458 1458 1598 1514 vulgo
1632 1457 1815 1514 quidem
1848 1458 2040 1500 admira-

338 1529 454 1572 tioni
492 1533 600 1572 sunt
640 1544 691 1571 ac
723 1528 921 1585 stupori,
956 1528 1180 1585 sapientes
1211 1532 1364 1570 tamen
1397 1529 1565 1585 quique
1596 1544 1648 1571 ac
1678 1544 1811 1572 verae
1842 1529 2040 1587 pulchri-

338 1600 511 1643 tudinis
551 1600 752 1643 studium
792 1599 1009 1642 habentes
1050 1614 1104 1641 ea
1141 1604 1192 1642 ut
1229 1600 1502 1656 depravatae
1548 1601 1715 1643 nostris
1761 1600 2045 1658 temporibus

338 1688 430 1715 una
478 1688 580 1714 cum
618 1672 821 1714 moribus
861 1671 1145 1727 eloquentiae
1185 1671 1318 1728 signa
1358 1672 1544 1714 minime
1586 1672 1726 1714 dubia
1771 1672 2044 1715 miserantur

339 1759 391 1786 ac
423 1743 590 1786 dolent.

481 1815 538 1857 In
577 1829 627 1857 eo
666 1815 809 1871 igitur
847 1819 970 1857 totus
999 1814 1075 1856 hic
1106 1814 1515 1857 accommodandae
1547 1814 1761 1856 Rationis
1793 1813 2044 1856 studiorum

341 1892 548 1929 versatus
580 1890 647 1929 est
677 1886 826 1940 labor,
873 1891 926 1928 ut
956 1885 1217 1928 necessitati
1249 1890 1506 1942 temporum
1545 1885 1612 1927 ita
1642 1885 1908 1938 serviretur,
1955 1899 2044 1940 quo

340 1963 495 2000 tamen
527 1957 582 2000 de
614 1957 758 2000 solida
788 1961 1000 2014 rectaque
1033 1956 1286 2013 juventutis
1314 1956 1607 1999 institutione
1635 1971 1770 2012 quam
1805 1955 2045 1998 minimum

339 2029 585 2071 decederet.

484 2100 732 2156 Reliquum
772 2115 894 2142 nunc
934 2105 1022 2154 est,
1064 2100 1164 2142 RR.
1199 2100 1312 2154 PR,
1353 2103 1433 2154 ut,
1474 2114 1588 2155 quae
1622 2098 1697 2140 hic
1727 2102 1886 2155 parata
1917 2097 2047 2141 vobis

342 2173 587 2223 offerimus,
620 2172 820 2214 studiose
854 2186 906 2214 ac
938 2171 1183 2226 diligenter
1213 2171 1262 2212 in
1290 2185 1401 2227 opus
1431 2170 1722 2213 deducantur.
1775 2170 1905 2211 Licet
1926 2169 2046 2211 enim

341 2243 561 2300 quaedam
593 2243 642 2284 in
673 2243 743 2285 his
776 2258 898 2285 nunc
929 2243 1113 2299 quidem
1145 2242 1327 2285 nonnisi
1358 2242 1629 2299 temporaria
1648 2242 1752 2295 sint,
1786 2241 1928 2283 donec
1949 2241 2046 2297 ipso

343 2330 427 2357 usu
466 2319 602 2370 atque
643 2314 923 2371 experientia
964 2314 1100 2368 duce,
1145 2314 1255 2370 quid
1295 2313 1484 2355 fortasse
1528 2311 1887 2367 immutandum,
1936 2312 2046 2368 quid

343 2385 699 2442 adjungendum,
733 2385 843 2441 quid
874 2384 1130 2427 tollendum
1156 2385 1231 2439 sit,
1265 2389 1499 2442 appareat3
1534 2385 1572 2426 si
1592 2389 1760 2438 tamen,
1793 2383 1914 2439 quod
1934 2398 2046 2426 non-

344 2458 451 2499 dum
494 2457 681 2499 definita
718 2458 900 2514 penitus
940 2471 991 2498 ac
1031 2456 1236 2498 stabilita
1279 2456 1391 2510 sint,
1437 2455 1537 2498 ideo
1583 2455 1766 2511 segnius
1804 2454 1854 2496 in
1894 2458 2045 2496 actum

345 2529 692 2582 deducerentur,
725 2543 961 2584 nunquam
982 2532 1131 2584 posset
1153 2527 1207 2569 de
1233 2542 1437 2569 successu
1468 2532 1641 2569 certum
1672 2526 1780 2568 ferri
1811 2526 2044 2583 judicium.

344 2600 505 2654 Itaque
527 2599 787 2655 Superiores
813 2599 1147 2641 exsecutionem
1178 2603 1231 2641 ut
1261 2603 1468 2654 urgeant,
1500 2598 1791 2641 vehementer
1823 2612 2047 2639 commen-

345 2670 526 2723 damus3
563 2670 946 2726 designenturque
977 2671 1026 2712 in
1059 2670 1251 2726 singulis
1283 2670 1498 2726 Collegiis
1531 2670 1610 2726 qui
1642 2684 1893 2711 successum
1924 2668 2046 2710 hunc

345 2742 494 2798 ipsum
526 2742 771 2784 observent
802 2747 860 2795 et,
893 2742 1005 2798 quid
1035 2742 1154 2784 forte
1185 2741 1462 2783 incommodi
1495 2740 1664 2783 alicubi
1687 2743 1902 2793 occurrat,
1935 2737 2045 2794 quid

346 2812 527 2868 majoris
560 2813 785 2854 commodi
816 2813 967 2869 gratia
997 2811 1203 2855 adhiberi
1234 2827 1363 2869 posse
1394 2812 1621 2866 videatur,
1654 2811 1874 2853 adnotent
1892 2809 2044 2851 nobis-

345 2899 444 2939 que,
478 2898 591 2939 quac
623 2883 692 2924 illi
719 2884 1057 2938 adnotaverint,
1088 2882 1342 2939 Praepositi
1362 2883 1673 2925 Provinciales
1693 2896 1795 2924 cum
1814 2881 1906 2923 suis
1926 2880 2044 2923 Con-

348 2954 595 2996 sultoribus
628 2954 910 2996 considerata
941 2959 987 2995 et
1020 2969 1213 3011 expensa
1244 2954 1573 2996 transmittant.

489 3026 551 3067 Et
582 3025 797 3081 quoniam
828 3040 974 3067 novae
1005 3025 1053 3066 in
1081 3025 1186 3079 dies,
1228 3025 1277 3067 in
1315 3024 1636 3082 philosophicis
1667 3023 1933 3080 praesertim
1975 3022 2042 3064 di-

346 3096 565 3154 sciplinis,
597 3101 889 3152 exsurgentes
909 3095 1143 3153 opiniones
1165 3095 1455 3153 vigilantiam
1475 3094 1680 3138 nostram
1701 3093 1861 3139 merito
1883 3107 2041 3137 acuere
