2153 3467
33 905 210 936 Scriptionis
231 912 293 929 cor-

66 942 186 974 igemlae
206 941 289 965 ratio.

50 1262 285 1287 Exercitationes

72 1299 148 1322 inter
169 1297 259 1321 corri—

94 1334 231 1361 gendum.

290 207 377 250 438

479 216 590 252 Ratio
617 216 817 251 studiorum
843 220 881 252 et
906 217 1163 253 institutiones
1189 216 1429 252 scholasticae
1456 215 1655 252 Societatis
1681 215 1773 251 Jesu
1797 216 1835 251 II

434 334 521 377 Die
559 334 741 378 sabbati
780 350 911 378 mane
949 335 1096 393 prima
1127 335 1240 378 hora
1279 333 1460 391 publice
1490 334 1738 377 recitentur
1773 335 2030 377 memoriter

295 406 438 449 totius
470 405 783 448 hebdomadae
815 407 888 450 vel
920 407 1062 449 totius
1093 406 1199 448 libri
1231 404 1566 462 praelectiones,
1601 433 1648 437 --
1686 405 1892 448 Secunda
1921 405 2031 448 hora

293 477 561 518 recolantur.
586 503 636 508 —
656 476 834 520 Ultima
865 477 1087 520 semihora
1119 479 1414 520 concertetur.
1441 502 1489 506 -—
1515 475 1641 518 Idem
1663 476 1743 518 fiat
1772 492 1797 518 a
1826 476 2030 533 prandio,

294 547 384 589 nisi
417 547 538 603 quod
568 548 716 604 prima
747 547 857 590 hora
899 563 999 590 cum
1040 547 1339 604 grammatica
1379 550 1424 588 et
1464 550 1600 603 poeta
1638 546 1856 589 recitatur
1894 547 2032 589 etiam

298 618 619 661 Catechjsmus
654 645 707 650 —
740 619 916 662 Ultima
954 618 1176 660 semihora
1214 619 1265 679 in
1305 617 1605 673 explicatione
1647 617 1921 660 Oatechismi
1959 617 2033 660 vel

297 704 626 746 nonnunquam
659 690 733 746 pia
765 689 1091 744 cohortatione,
1124 676 1360 731 nisi⁴feria
1382 693 1507 730 sexta
1529 688 1686 731 habita
1716 689 1866 744 fuerit,
1899 704 2035 746 pone-

297 765 393 818 tur3
433 761 503 803 sin
536 766 701 816 autem,
743 762 791 802 in
822 776 872 803 ea
904 775 950 802 re
982 760 1136 814 ferme,
1173 760 1221 801 in
1255 759 1379 815 cujus
1411 760 1560 802 locum
1592 765 1692 802 tum
1725 759 2035 803 Catechismus

301 837 586 875 successerat.

448 903 492 950 3.
556 904 610 945 In
642 902 885 959 scriptione
910 902 1176 958 corrigenda
1202 901 1385 957 indicet,
1419 902 1456 944 si
1483 902 1593 959 quid
1616 906 1774 944 contra
1800 906 2038 959 praecepta

300 974 637 1031 grammaticae,
671 973 1036 1030 orthographiae,
1077 973 1460 1030 interpunctionis
1499 977 1734 1030 peccatum
1775 973 1853 1027 sit3
1897 973 1934 1015 si
1966 973 2039 1015 de-

301 1046 494 1088 clinatae
544 1044 857 1098 difficultates,
912 1044 1065 1086 omnia
1120 1044 1177 1086 ad
1228 1045 1626 1099 grammaticarum
1675 1044 2039 1101 praeceptionum

301 1131 507 1159 normam
549 1116 786 1172 expendat,
836 1115 1265 1171 conjugationesque
1304 1116 1425 1172 ipsas
1464 1120 1508 1157 et
1548 1115 1822 1170 rudimenta,
1862 1121 2040 1172 sumpta

303 1187 550 1241 occasione,
583 1187 632 1228 in
663 1186 926 1229 memoriam
959 1192 1153 1229 revocet.

428 1259 476 1306 4.
508 1258 884 1313 ExercitationeS,
897 1258 1005 1300 dum
1016 1258 1151 1314 scrip-

309 1334 357 1372 ta
389 1329 590 1385 corrigit,
623 1333 756 1372 erunt
795 1344 861 1371 eX.
894 1344 960 1385 gr.
995 1344 1151 1372 verna-

308 1402 409 1444 cula
437 1401 609 1443 dictata
631 1405 729 1443 tum
754 1400 811 1443 ad
837 1401 1033 1443 auctoris
1057 1400 1156 1442 imi-

308 1473 542 1527 tationem,
575 1477 674 1515 tum
703 1473 941 1529 praecipue
963 1472 1021 1514 ad
1052 1487 1157 1528 syn-

308 1545 429 1587 taxis
450 1549 688 1602 praecepta
709 1544 853 1586 latina
873 1544 1039 1598 facere,
1072 1544 1158 1586 lec-

308 1618 481 1659 tionem
520 1617 747 1659 Ciceronis
787 1615 917 1671 vulgi
957 1630 1158 1657 sermone

311 1691 584 1743 convertere,
631 1687 819 1729 eandem
859 1686 999 1729 latine
1039 1691 1160 1728 tran-

311 1759 519 1809 scribere3
568 1774 621 1801 ex
672 1759 994 1815 grammaticae
1037 1773 1160 1815 prae-

312 1831 464 1888 ceptis,
497 1845 650 1872 recens
671 1831 935 1888 praesertim
969 1829 1161 1886 explica-

312 1902 384 1956 tis,
429 1902 569 1944 dubia
607 1901 792 1944 aemulis
831 1905 874 1943 et
913 1901 1162 1943 locutiones

312 1973 624 2031 proponendas
671 1973 953 2030 depromere3
1003 1987 1163 2028 graeca

314 2045 562 2088 describere
585 2050 630 2087 et
651 2045 740 2086 alia
760 2046 934 2100 generis
952 2043 1161 2101 ejusdem.

1331 1257 1376 1303 4.
1439 1257 1798 1299 Exercitationes
1820 1257 1869 1299 in
1888 1256 2042 1299 schola

1192 1328 1498 1385 injungendae
1531 1333 1663 1370 erunt
1697 1344 1763 1370 ex.
1795 1343 1860 1384 gr.
1884 1343 2042 1370 verna-

1194 1400 1295 1442 cula
1322 1400 1493 1442 dictata
1517 1404 1617 1442 tum
1640 1400 1698 1442 ad
1725 1400 1921 1442 auctoris
1943 1399 2043 1441 imi-

1194 1471 1427 1525 tationem,
1462 1476 1559 1513 tum
1587 1471 1825 1528 praecipue
1857 1470 1913 1513 ad
1935 1486 2042 1527 syn-

1195 1543 1314 1585 taxis
1335 1546 1574 1600 praecepta
1593 1542 1737 1584 latina
1756 1541 1923 1596 facere,
1955 1542 2044 1584 lec-

1196 1614 1365 1656 tionem
1387 1614 1615 1656 Ciceronis
1637 1614 1709 1656 vel
1733 1613 1923 1655 aliorum
1943 1628 2045 1656 auc-

1199 1695 1347 1727 torum
1376 1685 1505 1741 vulgi
1538 1700 1738 1727 sermone
1771 1689 2043 1739 convertere,

1199 1758 1386 1799 eandem
1435 1757 1578 1799 latine
1628 1756 1945 1810 transcribere;
1992 1771 2046 1798 ex

1200 1828 1522 1885 grammaticae
1569 1827 1840 1885 praeceptiS,
1893 1842 2048 1870 recens

1199 1900 1462 1958 praesertim
1479 1900 1727 1957 explicatis,
1746 1899 1884 1941 dubia
1899 1914 2048 1942 aemu-

1198 1973 1254 2015 lis
1283 1976 1327 2014 et
1353 1973 1607 2014 locutiones
1633 1970 1948 2028 proponendas
1972 1971 2046 2012 de-

1200 2058 1417 2101 promere,
1462 2058 1620 2099 graece
1653 2043 1844 2085 scribere
1876 2046 1920 2084 et
1960 2042 2050 2084 alia

1200 2114 1378 2172 generis
1422 2114 1632 2170 ejusdem.
1680 2140 1731 2145 —-
1773 2113 2050 2170 Hujusmodi

1202 2191 1354 2229 autem
1369 2185 1709 2229 exercitationes
1723 2184 1821 2227 fieri
1836 2187 2052 2242 poterunt

1203 2258 1387 2300 alternis
1433 2257 1613 2311 diebus,
1662 2257 1736 2299 vel
1779 2271 1909 2298 mane
1952 2255 2050 2297 loco

1202 2330 1409 2387 publicae
1432 2328 1720 2371 correctionis
1741 2328 2051 2385 scriptionum,

1202 2401 1275 2444 vel
1323 2416 1348 2443 a
1394 2400 1583 2457 prandio
1631 2399 1826 2442 secunda
1873 2398 2052 2440 scholae

1204 2473 1315 2514 hora
1337 2476 1415 2514 aut
1439 2471 1527 2513 alio
1554 2475 1806 2527 opportuno
1837 2474 2052 2526 tempore,

1206 2543 1410 2585 consulto
1443 2542 1691 2585 Praefecto.
1742 2542 1915 2584 Saltem
1946 2555 2052 2583 vero

1186 2614 1343 2661 0011101
1374 2613 1422 2654 in
1450 2613 1732 2655 hebdomada
1754 2612 1975 2654 scribetur
2006 2612 2054 2653 in

1187 2683 1360 2731 ¹schola
1392 2699 1468 2740 per
1499 2684 1656 2726 horam
1688 2683 1926 2738 integram.

462 2769 505 2799 a).
571 2757 624 2797 ln
665 2757 930 2812 repetitione
970 2755 1282 2812 praelectionis
1321 2756 1470 2811 capiat
1506 2754 1732 2796 interdum
1776 2753 2053 2796 occasionem

322 2827 579 2869 difficiliora
612 2827 883 2881 declinandi,
917 2826 1193 2883 conjugandi
1228 2831 1272 2867 et
1305 2826 1627 2881 grammaticae
1653 2824 2054 2880 quomodocunque

320 2898 580 2954 exigendae.

463 2971 506 3015 6.
560 2969 885 3010 Praelcctionis
918 2968 1170 3010 Ciceronia-

1352 2968 1396 3013 6.
1441 2966 1760 3009 Praelectionis
1820 2970 2049 3007 auctorum

321 3056 416 3095 nae,
439 3056 551 3097 quae
569 3044 773 3096 septenos
795 3042 886 3081 tere
904 3055 1057 3082 versus
1079 3054 1170 3082 non
1210 3039 1319 3081 haec
1352 3038 1497 3080 forma
1531 3038 1611 3079 sit:

321 3113 517 3167 excedet,
549 3112 658 3154 haec
689 3112 833 3153 forma
864 3110 942 3152 sit:
