2153 3467
67 978 240 1005 Soribeudae

59 1022 93 1039 ex
116 1014 249 1046 professo

60 1051 254 1082 quaestiones.

116 1336 248 1359 Privatae

109 1372 258 1395 lectiones.

116 1632 261 1656 Publicae.

165 1921 262 1943 Attus,

39 2276 108 2300 Suus
129 2276 282 2305 opiniones

67 2318 165 2343 quom.
188 2311 271 2335 liz-ent

85 2348 249 2371 defendere.

121 2845 267 2869 Erndmo.

136 3056 275 3081 Cone-flia.

131 3096 275 3121 controv..

134 3135 267 3153 canones.

295 192 382 234 454
522 202 632 236 Ratio
662 202 863 237 studiorum
892 207 929 236 et
956 201 1210 237 institutiones
1237 203 1478 238 scholasticae
1507 204 1701 239 Societatis
1728 205 1816 239 Jesu
1840 205 1879 240 ΙΙ

294 335 336 363 v.
359 335 425 375 gr.
455 335 509 362 ex
536 320 683 377 prima
714 324 841 376 parte
872 320 925 362 de
948 319 1141 374 visione,
1182 327 1279 364 tum
1319 337 1383 375 ea,
1423 337 1535 377 quae
1572 338 1597 364 a
1634 321 1836 378 probatis
1867 327 2019 365 aucto-

296 391 347 432 de
387 392 589 446 scientia,
630 391 684 434 de
722 391 1142 449 praedestinatione,
1180 394 1305 435 ribus

294 463 347 504 de
360 463 584 506 Trinitate
595 479 604 517 3
619 463 817 520 itemque
827 479 882 506 ex
896 464 996 506 aliis
1006 465 1145 520 parti-

296 537 396 589 bus3
432 540 530 578 tum
561 551 631 591 ea,
665 551 779 592 quae
811 536 868 578 ab
901 536 1000 579 aliis

295 607 462 664 scripta
478 612 596 662 sunt,
616 607 859 663 diligenter
875 608 1213 665 perpendendo,
1237 613 1334 650 tum
1357 607 1537 664 proprio
1564 607 1699 649 etiam
1717 607 1851 663 genio
1874 607 2025 664 capita

296 680 529 735 quaedam,
564 683 608 721 et
631 679 856 736 principia
878 679 1164 736 Theologiae,
1197 680 1314 722 unde
1346 679 1687 736 praecipuarum
1712 680 2025 734 quaestionum

295 751 427 794 series
444 751 651 809 pendeat,
685 750 984 808 disponendo,
1019 751 1209 794 servatis
1240 756 1393 794 tamen
1419 766 1554 807 quam
1580 751 1925 807 diligentissime
1956 751 2026 802 iis,

296 838 409 880 quae
441 822 494 865 de
525 822 731 865 doctrina
764 823 807 864 S.
833 822 1031 865 Thomae
1062 823 1286 879 sequenda
1317 839 1343 865 a
1373 823 1596 866 Societate
1627 823 1877 866 constituta
1906 827 2025 866 sunt.

296 895 464 944 (Const.
488 909 529 951 p.
552 897 593 938 4.
617 910 652 936 c.
678 896 792 938 14.n.
829 897 866 938 1.
899 897 944 936 et
975 893 1141 950 Congr.
1176 896 1215 938 5.
1248 894 1364 937 decr.
1398 896 1466 939 55.
1500 897 1546 936 et
1576 896 1664 947 72.)

439 979 482 1023 6.
548 976 760 1020 Scribant
791 991 846 1018 ex
877 977 1088 1019 instituto
1122 976 1406 1033 quaestiones
1437 976 1611 1033 aliquas
1633 991 1734 1020 cum
1755 977 1847 1020 suis
1868 977 2029 1021 funda—

299 1049 462 1091 mentis
494 1053 540 1091 et
571 1048 935 1091 conclusionibus
968 1053 1013 1091 et
1046 1048 1326 1105 objectorum
1367 1047 1670 1091 solutionibus
1708 1063 1830 1091 more
1859 1049 2030 1092 schola-

297 1120 423 1174 stico,
447 1119 631 1177 perinde
660 1135 712 1162 ac
734 1120 771 1162 si
802 1135 876 1162 eas
892 1120 1145 1177 praelegere
1165 1120 1213 1162 in
1237 1119 1391 1163 schola
1411 1120 1636 1175 deberent,
1658 1135 1818 1177 easque
1837 1120 2030 1177 singulis

299 1192 371 1234 vel
404 1191 591 1234 alternis
623 1192 782 1234 saltem
814 1191 1045 1234 mensibus
1063 1192 1298 1234 Praefecto
1331 1191 1583 1234 studiorum
1614 1191 1869 1246 ostendant,
1901 1197 1953 1235 ut
1973 1193 2029 1235 ab

299 1279 350 1305 00
383 1262 654 1319 dirigantur.
1594 1254 1597 1257 ¹

447 1333 486 1380 7.
535 1334 715 1377 Habere
733 1334 869 1376 etiam
887 1334 1117 1377 interdum
1135 1338 1349 1391 poterunt
1363 1334 1582 1390 ejusmodi
1601 1334 1832 1389 lectiones,
1849 1336 1921 1378 vel
1937 1335 2028 1393 pri-

298 1407 442 1448 vatim
461 1420 612 1449 coram
633 1405 799 1447 nostris
817 1405 1103 1459 Doctoribus,
1128 1405 1203 1447 vel
1222 1405 1268 1447 in
1290 1405 1399 1463 ipsis
1421 1405 1768 1462 repetitionibus
1784 1405 2031 1463 Theologo-

299 1492 399 1520 rum
415 1492 492 1535 per
510 1481 600 1519 tres
617 1476 793 1519 circiter
807 1477 942 1519 horae
959 1477 1244 1533 quadrantes,
1260 1482 1310 1519 ut
1325 1477 1383 1520 ad
1400 1481 1650 1519 extremum
1667 1478 1840 1532 Patres,
1862 1478 1939 1533 qui
1957 1477 2031 1521 ad-

301 1555 421 1604 sunt,
454 1548 766 1605 argumentari
798 1549 987 1606 possint,
1020 1549 1092 1591 vel
1132 1548 1340 1604 denique,
1373 1548 1409 1590 si
1442 1547 1668 1603 videatur,
1699 1548 1748 1591 in
1778 1548 2030 1592 refectorio.

442 1633 487 1678 8.
551 1632 818 1675 Consimiles
865 1633 1150 1689 quaestiones
1180 1632 1346 1675 habere
1384 1631 1523 1674 etiam
1564 1636 1779 1689 poterunt
1816 1632 1869 1675 de
1910 1647 2034 1690 prae-

302 1703 424 1746 clara
454 1703 609 1759 aliqua
624 1703 826 1758 materia,
859 1719 974 1760 quae
1005 1704 1131 1746 denis
1164 1704 1221 1746 ad
1245 1718 1472 1746 summum
1491 1703 1868 1760 praelectionibus
1891 1704 2034 1747 absol-

302 1781 449 1828 vatur,
481 1775 530 1818 in
563 1790 616 1817 ea
647 1774 801 1817 schola
832 1789 973 1832 eoque
1004 1781 1219 1833 tempore,
1244 1779 1296 1818 ut
1329 1775 1405 1831 qui
1437 1775 1666 1818 voluerint
1686 1774 1909 1831 Theologi
1930 1791 2034 1818 con-

301 1847 457 1889 venire
488 1846 672 1904 possint.

443 1917 489 1963 9.
553 1917 865 1961 Distribuatur
902 1918 994 1961 illis
1032 1923 1208 1974 tempus
1248 1917 1304 1960 ad
1344 1922 1537 1973 quatuor
1575 1921 1700 1960 actus
1743 1916 2034 1973 particulares

300 1995 344 2032 et
390 2004 531 2032 unum
578 1989 836 2044 generalem
883 1989 1163 2042 habendum3
1213 1993 1256 2031 et
1302 1989 1474 2046 primus
1521 1988 1702 2045 quidem
1749 1988 2035 2045 particularis

301 2061 383 2103 sub
421 2060 604 2103 initium
652 2061 745 2103 fere
787 2060 924 2118 primi
970 2060 1210 2114 semestris,
1253 2060 1366 2102 alter
1405 2060 1452 2102 in
1490 2060 1598 2115 fine,
1638 2064 1683 2102 et
1721 2059 1785 2102 sic
1826 2059 2034 2117 deinceps

302 2132 493 2187 singulis
524 2132 811 2175 semestribus
844 2132 1008 2189 reliqui
1041 2131 1344 2187 celebrentur,
1385 2131 1451 2174 ita
1487 2135 1539 2174 ut
1569 2131 1791 2187 generalis
1820 2130 2034 2173 ultimum

303 2208 513 2246 semestre
543 2203 737 2248 claudat.

448 2274 524 2321 10.
586 2274 801 2317 Liberum
833 2275 895 2317 eis
927 2275 987 2317 sit
1018 2275 1067 2318 in
1099 2276 1273 2318 actibus
1312 2291 1339 2317 a
1370 2274 1693 2330 Magistrorum
1725 2287 1907 2316 suorum
1937 2288 2033 2315 sen-

309 2346 464 2388 tentiis
495 2345 721 2388 discedere
753 2361 960 2402 suasque,
993 2347 1031 2388 si
1062 2346 1217 2399 libeat,
1249 2345 1386 2399 tueri,
1428 2344 1670 2387 dummodo
1702 2345 1831 2388 nulla
1861 2344 2036 2387 ratione

305 2417 477 2459 alienae
497 2417 590 2459 sint
609 2433 635 2459 a
653 2418 697 2459 S.
716 2416 915 2459 Thomae
933 2417 1142 2459 doctrina
1162 2432 1215 2459 ex
1237 2416 1423 2473 quintae
1440 2415 1821 2471 congregationis
1837 2415 2035 2459 decreto:

304 2489 369 2530 ita
401 2494 566 2540 tamen,
598 2492 649 2530 ut
680 2503 771 2530 non
803 2488 948 2530 solum
981 2488 1034 2530 de
1066 2488 1300 2530 sententiis
1340 2488 1467 2544 ipsis,
1513 2487 1589 2529 sed
1621 2486 1756 2529 etiam
1790 2486 1843 2528 de
1875 2486 2036 2529 funda-

306 2560 468 2601 mentis
499 2575 551 2602 ac
581 2559 831 2617 principiiS,
864 2560 1027 2616 quibus
1050 2575 1125 2602 eas
1146 2559 1261 2602 tueri
1281 2559 1455 2612 volunt,
1489 2557 1754 2615 tempestive
1776 2572 1877 2600 011111
1900 2558 2034 2599 Prae-

305 2631 423 2673 fecto
455 2645 615 2686 eoque,
656 2631 733 2686 qui
774 2631 1025 2688 praesidere
1067 2630 1220 2683 debet,
1265 2629 1564 2673 consentiant.
1624 2629 1723 2670 Imo
1756 2643 1844 2684 quo
1876 2628 2035 2670 melius

306 2703 374 2744 sui
407 2702 580 2754 ingenii
614 2703 836 2758 specimen
869 2701 990 2755 dent,
1022 2701 1140 2743 sinet
1161 2702 1343 2743 Praeses
1374 2715 1447 2742 eos
1467 2700 1605 2743 libere
1627 2699 1905 2756 respondere,
1938 2714 2034 2753 nec,

306 2774 392 2815 nisi
426 2788 526 2815 cum
560 2773 755 2815 maxime
787 2788 964 2816 necesse
995 2773 1066 2827 sit,
1099 2771 1418 2829 interpellabit.

449 2843 517 2890 ll.
579 2844 850 2900 Intelligant
881 2844 1087 2900 denique,
1120 2843 1303 2885 biennio
1325 2843 1410 2885 hoc
1442 2842 1691 2886 curandum
1724 2841 1810 2883 sibi
1842 2856 1950 2892 esse,
1983 2846 2036 2883 ut

307 2931 397 2957 non
429 2916 574 2958 solum
606 2915 654 2957 in
685 2915 933 2971 Theologia
964 2913 1086 2956 docti
1119 2929 1170 2955 ac
1202 2912 1413 2970 prompti,
1445 2914 1523 2956 sed
1555 2914 1603 2955 in
1635 2912 1758 2955 omni
1790 2913 1929 2955 etiam
1952 2912 2035 2954 Ec-

307 2985 556 3028 clesiastica
588 2985 855 3039 eruditione,
890 3000 1004 3040 quae
1036 2984 1316 3040 Theologum
1348 2984 1544 3026 maxime
1576 2984 1714 3038 decet,
1747 2982 1958 3026 evadant.

455 3055 529 3103 12.
592 3057 751 3112 Itaque
768 3056 961 3111 singulis
982 3055 1141 3097 diebus
1158 3059 1328 3096 certum
1359 3059 1534 3112 tempus
1565 3055 1763 3097 habeant
1780 3053 1836 3096 ad
1856 3067 2035 3095 accura-

309 3132 402 3170 tam
427 3143 578 3171 sacrae
596 3127 858 3185 scripturae,
877 3126 1197 3180 Conciliorum,
1216 3125 1623 3168 controversiarum
1641 3129 1686 3168 et
1706 3138 1930 3168 canonum
1946 3124 2033 3165 lec·
2101 3122 2143 3141 ⁴

2141 3317 2153 3467 Q*A
2150 3269 2153 3300 ...1
