2084 3441
186 1534 192 1539 .
213 1514 257 1540 44.

291 157 347 199 52
457 164 568 201 Ratio
597 163 799 200 studiorum
825 168 863 199 et
887 162 1143 200 institutiones
1169 163 1411 201 scholasticae
1437 161 1631 202 societatis
1657 164 1749 202 Jesu
1772 166 1812 203 11

282 285 352 328 ad.
388 289 424 328 1.
458 284 511 334 Q.
543 284 748 327 Durand.
783 288 821 328 1.
856 283 978 326 Sent.
1011 283 1131 325 Dist.
1164 285 1234 327 26.
1267 281 1319 332 Ω.
1355 285 1393 326 1.
1426 297 1550 326 num.
1583 286 1645 339 6.;
1693 287 1739 327 et
1775 287 1814 330 3.
1848 284 1974 328 Sent.

281 356 397 398 Dist.
433 359 469 400 1.
504 355 556 405 Ω.
591 359 630 400 2.
662 370 786 397 1111111.
820 358 860 399 7.
911 355 1163 396 Bonauent.
1199 356 1236 397 1.
1260 353 1386 395 Sent.
1419 353 1537 396 Dist.
1560 356 1629 398 23.
1661 354 1760 398 Art.
1783 359 1823 401 2.
1856 355 1910 406 Q.
1935 360 1974 401 1.

280 427 330 470 in
361 442 480 485 corp.
510 427 668 470 Thom.
701 427 890 482 Argent.
925 430 963 470 1.
999 425 1122 467 Sent.
1155 424 1272 466 Dist.
1308 427 1376 469 26.
1411 423 1464 474 Ω.
1499 429 1536 468 1.
1570 424 1669 467 Art.
1693 429 1733 471 3.
1766 426 1824 469 ad
1855 430 1895 472 3.
1928 431 1973 470 et
2027 431 2030 434 ’

281 502 321 543 8.
353 499 523 541 Marsil.
556 498 658 542 Lib.
694 502 731 542 1.
765 497 817 547 Ω.
852 500 921 541 26.
953 495 1052 538 Art.
1078 498 1118 541 3.
1150 495 1298 537 tribus
1329 494 1488 552 primis
1520 496 1899 554 conclusionibus,
1931 502 1976 540 et

279 570 366 612 Art
396 573 438 615 4.
471 569 528 612 ad
561 573 600 614 2.
633 569 739 611 dub.
773 573 818 610 et
849 567 907 610 ad
937 570 978 612 4.
1010 566 1235 609 rationem
1267 580 1348 624 pro
1381 567 1503 609 Part.
1540 567 1812 610 affirmatiua
1843 583 1976 625 quae-

280 641 369 696 siti,
403 646 448 684 et
480 641 532 691 Q.
566 643 635 685 30.
667 640 766 682 Art.
788 642 827 684 2.
862 638 920 681 ad
952 642 1008 693 4.,
1042 642 1087 680 et
1113 640 1180 682 10.
1213 641 1355 680 contr.
1380 639 1573 681 conclus.
1597 641 1637 684 3.
1660 639 1800 684 Henr.
1828 638 1976 686 Gand.

279 713 327 755 in
366 713 489 755 Sum.
529 711 628 753 Art.
662 713 731 755 53.
775 709 827 759 Ω.
862 712 903 753 6.
937 708 995 751 ad
1026 711 1067 752 4.
1106 712 1151 751 et
1182 707 1394 758 Quodlib.
1428 711 1469 754 5.
1502 708 1555 759 Q.
1589 712 1631 755 8.
1663 715 1708 753 et
1739 709 1901 761 Quodl.
1934 713 1975 756 6.

279 783 331 834 Q.
369 788 406 829 1.
440 783 544 826 Alb.
577 782 699 837 Mag.
739 781 802 823 in.
837 781 961 825 Sum.
1002 781 1127 822 Part.
1165 783 1204 825 1.
1243 780 1396 823 Traot.
1431 783 1500 825 10.
1542 780 1594 831 Ω.
1625 784 1696 827 43.
1739 781 1902 824 memb.
1936 785 1975 826 1.

279 856 337 898 ad
369 858 408 899 3.
443 853 683 912 opinionis.
725 855 765 897 2.
797 852 975 894 Ibidem
1015 851 1073 894 ad
1111 851 1232 909 opin.
1272 854 1312 897 3.
1352 856 1398 894 et
1435 851 1600 895 memb.
1634 856 1674 898 2.
1715 857 1816 898 Art.
1851 856 1890 897 1.
1926 853 1977 895 in

278 927 411 970 solut.
453 924 615 981 Aegid.
654 925 785 966 Rom.
830 927 868 968 1.
902 923 1027 968 Sent.
1068 923 1185 965 Dist.
1219 925 1288 968 23.
1327 922 1380 973 Ω.
1414 926 1453 967 2.
1488 926 1529 968 3.
1568 928 1614 966 et
1656 927 1697 969 4.
1750 923 1883 967 Rich.
1922 924 1978 967 de

278 998 395 1041 Med.
429 996 520 1040 Vil.
556 1000 594 1040 1.
634 995 758 1039 Sent.
799 994 919 1037 Dist.
952 997 1022 1039 27.
1062 994 1163 1036 Art.
1199 998 1238 1038 1.
1271 993 1323 1044 Ω.
1358 996 1399 1039 3.
1430 993 1480 1036 in
1512 1009 1633 1052 corp.
1674 998 1719 1038 et
1754 995 1872 1039 Dist.
1905 998 1976 1041 23.

277 1070 380 1112 Art.
414 1072 453 1113 2.
487 1067 540 1117 Ω.
575 1070 614 1111 2.
676 1067 804 1109 Idem
834 1081 928 1109 non
959 1065 1105 1108 solum
1131 1065 1388 1120 CaietanuS,
1421 1064 1498 1107 sed
1530 1080 1683 1108 omnes
1702 1065 1976 1122 Thomistae,

276 1139 489 1182 videlicet
517 1139 722 1180 Herueus
754 1136 918 1187 Quodl.
954 1139 1021 1182 10.
1052 1136 1104 1187 Ω.
1137 1140 1179 1182 4.
1212 1137 1311 1179 Art.
1338 1140 1377 1182 3.
1411 1137 1495 1180 sub
1525 1137 1731 1192 initium;
1764 1141 1809 1180 et
1840 1137 1976 1194 infra,

276 1211 357 1254 ubi
388 1210 599 1265 declarat,
633 1209 743 1266 quid
773 1209 833 1251 sit
864 1208 1088 1264 distingui
1127 1208 1177 1250 in
1208 1223 1300 1250 esse
1332 1208 1568 1266 suppositi.
1614 1209 1744 1252 Palu.
1777 1212 1817 1254 3.
1852 1209 1976 1252 Sent.

278 1282 394 1324 Dist.
429 1285 467 1326 1..
501 1280 553 1330 Ω.
587 1284 627 1325 2.
659 1281 709 1322 in
741 1284 780 1325 2.
813 1280 929 1338 prin.
961 1279 1061 1322 Art.
1095 1282 1135 1324 2.
1168 1279 1226 1321 ad
1262 1283 1300 1324 1.
1321 1284 1366 1322 et
1386 1283 1425 1324 2.
1473 1280 1723 1325 Ferariens.
1754 1280 1804 1323 in
1830 1280 1911 1323 lib.
1933 1284 1974 1325 4.

277 1357 436 1396 contra
468 1353 601 1395 Gent.
636 1352 744 1409 Cap.
778 1355 848 1396 26.
880 1351 985 1396 dub.
1019 1354 1059 1395 2.
1091 1350 1278 1393 Attend.
1311 1354 1352 1396 3.
1387 1351 1590 1409 Capreol.
1626 1356 1664 1396 l.
1699 1351 1823 1394 Sent.
1857 1352 1975 1398 Dist.

281 1427 350 1470 26.
385 1424 438 1474 Ω.
472 1427 512 1468 1.
544 1423 594 1465 in
623 1438 822 1481 respons.
856 1422 914 1465 ad
945 1437 1134 1479 argum.,
1174 1422 1253 1479 qui
1282 1423 1427 1465 multa
1458 1423 1504 1465 8.
1524 1422 1723 1466 Thomae
1758 1423 1859 1466 loca
1894 1438 1976 1481 pro

279 1496 364 1539 hac
389 1497 397 1552 1
425 1495 649 1537 sententia
680 1494 863 1550 allegat.
924 1494 1014 1537 Pro
1045 1494 1201 1537 eadem
1233 1509 1410 1551 quoque
1441 1495 1701 1551 allegantur
1733 1494 1790 1537 ab
1819 1494 1980 1551 ijsdem

274 1566 533 1622 Theologis.
568 1567 613 1609 8.
645 1565 764 1622 Aug.
798 1565 877 1608 lib.
912 1569 952 1610 7.
985 1566 1041 1608 de
1072 1565 1196 1608 Trin.
1229 1566 1339 1623 Cap.
1360 1569 1401 1611 4.
1434 1570 1479 1608 et
1501 1569 1539 1611 6.
1571 1566 1760 1609 Boetius
1791 1565 1893 1609 Lib.
1926 1565 1981 1608 de

276 1638 410 1683 duab.
443 1642 537 1680 nat.
571 1637 772 1679 Anselm.
805 1637 855 1679 in
886 1637 1116 1693 Monolog.
1150 1652 1186 1681 0.
1217 1639 1289 1682 43.
1323 1636 1528 1680 Richard
1559 1652 1587 1680 a
1618 1636 1664 1679 S.
1681 1636 1801 1681 Vict.
1833 1636 1913 1680 lib.
1935 1640 1977 1682 4.

279 1710 333 1752 de
365 1709 526 1754 Trinit.
561 1724 597 1751 0.
633 1712 700 1753 12.
736 1711 805 1754 13.
841 1711 908 1753 16.
945 1711 1013 1753 19.
1048 1711 1118 1753 20.
1151 1711 1222 1754 33.

415 1782 601 1823 Praeter
618 1781 737 1823 hanc
760 1784 911 1823 autem
933 1780 1280 1823 substantialem
1300 1783 1346 1822 et
1361 1779 1616 1822 absolutam
1634 1779 1980 1823 subsistentiam

275 1868 368 1896 esse
406 1852 553 1896 adhuc
599 1856 689 1894 tres
736 1852 1050 1895 subsistentias
1092 1852 1329 1906 relatiuas,
1391 1855 1444 1895 vt
1498 1851 1793 1894 subsistentia
1840 1851 1979 1907 signi-

274 1925 381 1968 ficat
410 1939 504 1966 non
535 1923 670 1966 modo
701 1923 848 1980 ipsam
879 1937 1116 1980 personam
1147 1927 1192 1965 et
1218 1922 1517 1980 suppositum,
1538 1922 1614 1966 sed
1635 1922 1772 1965 etiam
1793 1923 1980 1966 modum

275 1995 452 2039 essendi
482 1994 986 2049 incommunicabiliter,
1018 1994 1092 2037 vel
1121 1994 1443 2051 proprietatem
1465 1993 1793 2050 distinctiuam,
1816 1994 1981 2037 docent

278 2068 439 2110 Scotus
469 2067 519 2109 in
552 2065 714 2116 Quodl.
746 2065 799 2116 Q.
825 2068 866 2110 4.
890 2066 990 2110 Art.
1021 2069 1060 2110 2.
1083 2065 1133 2108 111
1159 2065 1236 2107 fin.
1259 2068 1304 2107 et
1324 2063 1377 2115 Q.
1399 2067 1439 2110 5.
1462 2068 1545 2110 art.
1569 2067 1608 2110 3.
1636 2065 1706 2108 ad.
1728 2068 1769 2110 3.
1793 2070 1838 2108 et
1868 2065 1979 2109 locis

275 2138 593 2196 praeallegatis
625 2137 757 2180 Rich.
779 2151 806 2179 a
836 2137 880 2180 8.
905 2137 1102 2192 Victore,
1135 2135 1351 2179 Richard.
1375 2151 1402 2179 a
1432 2135 1550 2179 Med.
1568 2136 1678 2180 Vill.
1698 2137 1802 2179 Alb.
1821 2138 1977 2194 Magn.

276 2211 413 2267 Egid.
443 2210 612 2253 Marsil.
643 2209 932 2252 Grandauens.
998 2208 1201 2266 Capreol.
1234 2212 1278 2250 et
1319 2208 1365 2251 S.
1395 2207 1554 2251 Thom.
1590 2211 1629 2253 1.
1662 2209 1787 2251 Part.
1821 2208 1874 2259 Q.
1907 2211 1978 2254 29.

276 2283 375 2325 Art.
411 2285 451 2327 2.

417 2355 607 2396 Possent
651 2357 695 2395 et
740 2353 830 2395 alia
866 2353 914 2395 id
951 2368 1093 2409 genus
1133 2351 1338 2408 exempla
1369 2349 1574 2408 proferri,
1607 2350 1685 2393 sed
1714 2350 1823 2393 haec
1853 2350 1977 2407 satis,

279 2439 334 2467 ex
371 2424 533 2480 quibus
572 2425 715 2481 possit
746 2424 800 2466 de
832 2424 934 2480 alijs
964 2424 1170 2466 iudicari.
1222 2422 1354 2472 Quod
1383 2427 1536 2464 autem
1558 2421 1784 2479 adijcitur,
1815 2437 1980 2480 pauco-

280 2511 380 2538 rum
413 2496 678 2538 definitione
709 2496 1037 2553 principiorum
1069 2494 1178 2537 satis
1210 2494 1373 2548 caueri,
1417 2509 1474 2535 ne
1504 2498 1652 2536 sectae
1684 2494 1980 2536 introducan-

280 2572 368 2621 tur,
407 2572 548 2623 vtque
579 2582 721 2609 vnum
752 2568 833 2609 fiat
866 2567 1097 2609 doctrinae
1129 2580 1272 2621 genus
1302 2565 1536 2622 proprium
1568 2565 1612 2608 S.
1633 2565 1846 2620 Thomae,
1878 2580 1978 2622 spe-

281 2638 396 2680 ciose
427 2638 591 2694 potius,
625 2653 759 2693 quam
791 2639 966 2681 vtiliter
996 2653 1048 2679 00
1080 2637 1220 2679 solide
1253 2636 1431 2679 dicitur.
1495 2637 1600 2679 Non
1631 2637 1750 2679 enim
1772 2635 1980 2678 doctrina

281 2710 325 2751 S.
348 2709 546 2750 Thomae
578 2710 790 2751 vniuersa
823 2709 1043 2765 quaedam
1074 2723 1144 2750 res
1177 2712 1255 2762 est,
1278 2723 1332 2750 ex
1356 2723 1445 2764 qua
1467 2708 1673 2764 singulae
1692 2707 1979 2750 deducuntur

282 2795 333 2823 ac
363 2780 560 2837 pendent
592 2781 686 2822 eius
718 2781 967 2837 opiniones,
1001 2779 1078 2821 sed
1110 2794 1163 2821 ex
1195 2779 1334 2835 varijs
1360 2783 1705 2835 coagmentatur
1726 2777 1977 2835 sententijs,

282 2866 472 2908 quarum
504 2851 724 2907 quaedam
757 2851 1042 2906 quibusdam,
1075 2850 1176 2905 alijs
1208 2851 1335 2904 aliae,
1365 2850 1499 2892 modo
1521 2849 1821 2907 paucioribus,
1843 2848 1978 2891 modo

282 2921 499 2979 pluribus,
541 2921 719 2977 aliquae
750 2937 864 2978 pene
896 2922 1033 2963 nullis
1065 2936 1290 2963 connexae
1322 2925 1440 2963 sunt.
1504 2920 1652 2971 Quare
1681 2920 1770 2962 nisi
1802 2919 1859 2962 ad
1890 2919 1980 2962 sin-

283 2993 426 3049 gulaS,
461 2997 540 3035 aut
570 2993 626 3034 ad
660 2992 874 3034 maiorem
906 3007 1059 3033 earum
1091 2996 1265 3048 partem
1296 2991 1604 3046 descendatur,
1636 3005 1728 3033 non
1753 2994 1901 3047 potest
1924 3005 1979 3033 ex

281 3064 336 3120 ijs
377 3064 562 3106 conflari
601 3078 742 3105 vnum
783 3064 910 3119 quasi
952 3064 1184 3105 doctrinae
1221 3078 1364 3119 genus
1410 3064 1453 3106 S.
1494 3063 1693 3105 'rhomae
1731 3061 1978 3118 proprium.
