2153 3467
135 582 264 606 Gradus.

139 2300 255 2323 Divisis.

119 2336 270 2365 temporis.

336 193 422 235 442

520 203 631 238 Ratio
659 204 862 239 studiorum
888 208 927 239 et
952 204 1213 241 institutiones
1239 206 1479 242 scholasticae
1505 206 1702 243 Societatis
1728 208 1816 244 Jesu
1842 210 1878 245 11

936 396 1150 459 Regulae
1188 396 1487 447 Professoris

702 476 947 540 Infimae
995 476 1218 539 Classis
1265 476 1715 544 Grammatioae.

481 582 518 626 11.
557 583 734 625 Gradus
763 583 895 639 liujus
919 583 1093 625 scholae
1118 587 1184 624 est

336 653 698 696 rudimentorum
730 654 940 711 perfecta,
978 653 1185 710 syntaxis

337 724 548 767 inchoata
571 725 787 780 cognitio.
812 724 979 781 Incipit
1012 725 1129 765 enim
1162 740 1186 765 a

338 796 716 838 declinationibus
740 811 880 852 usque
908 795 964 837 ad
988 811 1185 837 0011111111-

339 868 692 910 nemverborum
703 868 1094 909 constructionem.
1128 867 1190 907 Et

338 939 533 994 quidem,
577 940 654 981 ubi
703 939 790 980 duo
835 949 967 981 erunt
998 941 1188 991 ordines,

338 1010 539 1052 inferiori
571 1026 623 1052 ex
657 1011 801 1067 primo
841 1012 956 1054 libro
989 1013 1187 1076 1101111118.7

336 1082 487 1135 verba,
515 1082 786 1133 rudimenta,
820 1088 1058 1140 praecepta
1080 1101 1189 1141 qna-

336 1153 584 1195 tuordecim
628 1154 681 1195 de
723 1155 1073 1209 constructione,
1115 1172 1190 1212 ge-

336 1240 443 1266 nera
461 1225 697 1267 nominum
717 1225 994 1280 tribuentur3
1019 1228 1188 1284 superi-

338 1297 403 1339 ori
415 1311 518 1338 vero
531 1312 583 1339 ex
601 1298 746 1354 primo
758 1298 874 1339 libro
888 1298 941 1340 de
953 1299 1188 1341 nominum

336 1368 636 1410 declinatione
669 1369 762 1410 sine
786 1370 1110 1426 appendicibus
1137 1376 1188 1412 et

337 1441 388 1481 dc
406 1441 659 1497 praeteritis
674 1456 724 1482 ac
740 1441 932 1497 supinis,
957 1457 978 1483 e
991 1443 1187 1484 secundo

338 1517 489 1554 autem
528 1512 804 1554 introductio
845 1513 1053 1569 syntaxis
1092 1515 1187 1556 sine

337 1584 661 1640 appendicibus
721 1599 863 1640 usque
917 1585 972 1626 ad
1025 1585 1189 1642 imper-

338 1656 524 1697 sonalia.
593 1656 793 1697 Graece
844 1671 949 1698 vero
1004 1656 1189 1698 inferior

338 1727 521 1783 quidem
561 1727 667 1768 ordo
709 1728 854 1781 legere
897 1733 942 1768 et
983 1728 1185 1782 scribere,

340 1798 540 1854 superior
581 1813 686 1841 vero
724 1800 909 1840 nomina
950 1799 1186 1855 simplicia,

337 1869 525 1911 verbum
571 1870 912 1912 substantivum
964 1875 1007 1912 et
1053 1871 1188 1926 bary-

337 1945 497 1983 tonum
513 1941 690 1983 ediscet.
708 1968 761 1972 —-
779 1942 852 1983 Ad
866 1942 1187 1998 praelectiones

336 2012 519 2054 nonnisi
550 2012 798 2054 facillimae
821 2028 1023 2068 quaeque
1054 2017 1188 2068 atque

338 2084 394 2125 ad
426 2084 544 2126 lianc
575 2099 667 2125 rem
699 2084 886 2126 selectae
919 2089 978 2139 et,
1020 2084 1057 2126 si
1088 2085 1186 2126 fieri

337 2161 501 2211 potest.
527 2155 767 2212 separatim
798 2171 986 2198 excusae
1008 2156 1184 2198 Cicero-

336 2227 406 2268 nis
439 2227 654 2284 epistolae
686 2227 1030 2269 adhibeantur.l

480 2297 523 2344 2.
548 2298 725 2340 Divisio
740 2298 953 2354 temporis
964 2298 1073 2340 haec
1085 2299 1184 2339 erit.

340 2370 492 2411 Prima
532 2370 640 2412 hora
672 2370 898 2411 matutina
930 2370 1186 2411 memoriter

340 2443 398 2483 M.
438 2441 613 2483 Tullius
652 2446 695 2482 et
731 2441 1025 2497 grammatica
1067 2441 1185 2496 apud

340 2513 602 2553 decuriones
623 2513 854 2566 recitetur,
878 2512 1045 2568 scripta
1067 2527 1092 2552 a
1115 2511 1186 2553 de-

341 2600 357 2624 ‹.
366 2583 510 2625 urioni
519 2583 598 2625 bus
613 2584 800 2625 collecta
812 2585 1083 2640 Praeceptor
1094 2598 1187 2625 cor-

339 2655 478 2709 rigat,
522 2655 668 2697 varias
701 2655 896 2707 interim,
939 2654 991 2695 de
1023 2654 1187 2710 quibus

339 2726 457 2767 infra
510 2726 666 2775 rectula
716 2731 900 2781 quarta,
955 2725 1187 2781 discipulis

339 2796 681 2837 exercitationes
724 2797 979 2852 injungens.
1025 2824 1077 2826 --
1113 2797 1187 2838 Se-

341 2867 486 2908 cunda
530 2867 640 2908 hora
688 2869 914 2909 matutina
956 2873 1186 2924 repetatur

341 2947 565 2994 postrema
587 2939 781 2979 breviter
805 2939 1032 2981 (‘i‹·eronis
1063 2954 1186 2995 prae-

1365 583 1403 629 l·
1438 585 1616 627 Gradus
1645 586 1778 644 hujus
1800 588 1978 631 scholae
2006 594 2071 631 est

1224 655 1585 698 rudimentorum
1615 658 1815 714 perfecta
1847 660 2069 716 cognitio:

1223 725 1386 782 incipit
1433 728 1552 770 enim
1599 744 1626 770 a
1666 731 1893 772 communi
1939 731 2073 774 decli-

1226 797 1410 839 natione
1431 799 1667 841 nominum
1688 805 1732 842 et
1753 801 2073 857 conjugatione

1227 868 1464 911 verborum
1475 885 1482 923 3
1501 871 1650 927 pergit
1661 871 1765 913 dein
1777 873 1834 914 ad
1845 873 2073 928 generales

1228 943 1272 980 et
1322 955 1579 983 communes
1627 943 1805 998 regulas
1854 944 2073 1000 syntaxis,

1229 1010 1391 1065 quibus
1408 1012 1514 1053 addi
1533 1018 1721 1069 possunt
1742 1015 1874 1070 pauci
1890 1014 2074 1070 quidam

1228 1085 1272 1122 et
1303 1082 1526 1125 faciliores
1556 1084 1787 1126 idiotismi.
1850 1086 2075 1128 Praefecti

1228 1158 1378 1195 autem
1401 1155 1488 1196 erit
1509 1155 1617 1197 haec
1639 1160 1878 1213 praecepta
1893 1157 2076 1213 utrique

1229 1225 1376 1266 ordini
1409 1226 1621 1268 dividere.
1654 1253 1706 1257 —
1731 1228 1937 1270 Graece
1968 1243 2074 1272 vero

1228 1296 1414 1338 inferior
1458 1298 1638 1353 quidem
1683 1299 1791 1341 ordo
1834 1299 1981 1355 legere
2029 1306 2075 1342 et

1226 1368 1438 1421 scribere,
1488 1369 1691 1425 superior
1739 1385 1842 1413 vero
1889 1371 2074 1413 nomina

1227 1439 1463 1496 simplicia,
1510 1441 1699 1483 Verbum
1737 1441 2074 1484 substantivum

1227 1516 1270 1552 et
1289 1511 1563 1568 barytonum
1582 1512 1762 1554 ediscet.
1786 1539 1836 1543 —
1861 1513 1934 1555 Ad
1950 1529 2074 1570 prae-

1226 1583 1464 1625 lectionem
1496 1583 1713 1625 facillima
1751 1585 1901 1640 aliqua
1933 1589 1977 1626 et
2009 1599 2073 1626 se-

1225 1655 1341 1696 lecta
1363 1670 1425 1708 ac,
1458 1655 1495 1696 si
1517 1655 1613 1696 fieri
1635 1659 1797 1711 potest,
1831 1655 2073 1711 separatim

1227 1741 1277 1767 ex
1283 1741 1385 1767 cusa
1396 1726 1681 1780 exCicerone,
1690 1726 1870 1768 fabulae
1879 1727 2074 1769 Phaedri

1226 1803 1270 1838 et
1301 1797 1422 1839 vitae
1445 1797 1641 1839 Cornelii
1669 1798 1856 1854 Nepotis
1888 1797 2072 1839 adhibe-

1227 1874 1374 1910 antur.

1365 2295 1408 2342 2.
1456 2295 1632 2337 Divisio
1696 2295 1908 2351 temporis
1962 2296 2071 2338 haec

1224 2367 1320 2408 erit.
1384 2367 1517 2407 Mane
1556 2365 1701 2407 tribus
1740 2365 1899 2421 primis
1936 2365 2072 2407 horae

1224 2437 1550 2493 quadrantibus
1583 2436 1839 2479 memoriter
1859 2436 2071 2478 recitetur

1224 2512 1379 2550 auctor
1397 2508 1567 2549 latinus
1589 2511 1634 2549 et
1654 2507 1952 2563 grammatica
1972 2512 2070 2550 tum

1223 2580 1365 2622 latina
1377 2584 1476 2621 tum
1491 2593 1652 2635 graeca
1662 2578 1783 2635 apud
1796 2577 2071 2632 decuriones,

1225 2650 1392 2707 scripta
1425 2666 1450 2691 a
1473 2650 1789 2692 decurionibus
1813 2650 2001 2691 collecta
2028 2654 2073 2691 et

1224 2724 1424 2779 ipsorum
1464 2726 1595 2763 notas
1642 2722 1911 2777 Praeceptor
1952 2735 2071 2762 reco-

1225 2797 1413 2849 gnoscat
1423 2808 1430 2845 3
1444 2796 1542 2834 tum
1553 2792 1730 2847 utrique
1740 2791 1886 2833 ordini
1899 2791 2071 2846 aliquid

1225 2880 1277 2907 ex
1308 2863 1604 2919 grammatica
1619 2863 1753 2918 juxta
1780 2866 1954 2918 partem
1977 2861 2070 2903 cui-

1224 2951 1309 2991 que
1363 2935 1631 2991 descriptam
1683 2933 1943 2990 explicetur,
1999 2933 2068 2974 vel

342 3011 473 3052 l‹·ctio
495 3025 701 3065 novaque
724 3025 800 3065 por
823 3010 1089 3051 semihoram
1112 3025 1184 3051 ex-
1224 3008 1396 3050 alterno
1413 3020 1590 3062 quoque
1608 3005 1679 3046 die
1696 3003 1886 3060 singulis
1904 3003 2068 3045 ordini-

488 3117 497 3136 ¹
525 3127 568 3150 111.
597 3127 665 3151 om.
694 3117 854 3154 ..Graece
881 3127 903 3150 v
920 3142 927 3149 .
944 3143 950 3150 .
968 3119 995 3150 .“

1025 3126 1140 3159 usque
1166 3116 1210 3150 ad
1238 3115 1352 3149 finem.
