2148 3402
215 169 503 215 Verordmmgen
531 168 594 205 des
620 168 903 205 oben-deutschen
930 168 1146 204 Provinzals
1173 170 1354 206 Roseffius
1381 182 1446 205 zur
1472 171 1513 206 R.
1541 176 1587 206 st.
1618 174 1705 208 1604
1757 162 1837 206 511

245 289 556 333 Grammatica
591 289 640 330 P.
676 288 872 330 Gretseri
907 289 1090 331 omnino
1124 290 1507 332 accommodanda
1539 296 1609 332 est
1654 291 1842 333 diuersis
1873 291 1936 321 Μ·
1964 294 2003 317 ¹³·

103 361 267 403 scholis
300 376 541 416 earumque
574 360 823 413 ordinibus,
856 359 950 401 siue
983 359 1039 400 ab
1061 364 1255 413 auctore,
1290 362 1383 402 siue
1415 362 1470 402 ab
1492 362 1582 403 alio
1606 363 1725 404 bona
1746 363 1842 404 01113

101 448 227 489 pace,
260 447 436 474 necesse
472 435 621 472 autem
655 430 740 471 erit
771 445 822 471 ea
853 430 1096 487 separatim
1128 430 1301 472 excudi.

245 502 404 553 Quoad
437 501 594 542 horam
626 505 966 557 praeceptorum
986 500 1390 557 praelegendorum
1413 503 1592 545 videtur
1616 506 1838 547 seruanda
1863 505 1932 535 Reg-
1961 506 2000 529 ¹²·

102 575 294 629 Regula.

245 644 463 686 Satisfieri
496 644 601 685 111110
634 643 839 698 Regulae
872 642 1123 684 iudicatum
1156 648 1236 697 est,
1267 644 1303 684 si
1337 644 1560 685 Rhetores
1592 651 1636 686 et
1668 648 1838 689 Huma-
1870 647 1938 677 ΗΘ*
1960 648 2004 672 ³²³·

104 716 246 758 nistae
268 719 339 760 14⁴3
360 730 537 771 quoque
559 714 630 756 die
653 714 929 756 conueniant
949 719 993 755 et
1012 729 1089 770 per
1106 715 1225 757 vices
1243 715 1464 756 eiusmodi
1482 717 1846 760 exercitationem

104 788 362 830 instituant.

248 858 489 899 Minimum
521 857 590 898 bis
622 857 669 898 in
703 871 821 898 anno
857 856 1100 911 Catalogus
1133 856 1458 914 discipulorum
1477 859 1708 901 Praefecto
1733 861 1842 902 dan·
1873 860 1942 888 “⁰²-
1962 862 2004 883 ³¹*-

106 929 201 983 dus,
235 933 278 969 et
310 928 433 984 prior
462 930 466 982 1
496 928 674 983 quidem
717 927 834 969 circa
865 928 1076 969 Natalem
1111 928 1316 982 Domini,
1364 930 1480 971 alter
1517 930 1639 972 infra
1672 932 1847 973 Pascha
1871 931 1920 954 ¹⁴⁰¹·
1943 932 2005 957 ²²¹¹·

106 1005 152 1041 et
189 1001 508 1053 Pentecosten,
548 999 597 1040 in
635 998 926 1040 inferioribus
968 998 1147 1054 quidem
1189 999 1368 1041 scholis.
1431 1000 1486 1041 111
1527 1000 1702 1043 duabus
1739 1017 1846 1044 uero

107 1070 413 1128 superioribus
445 1070 668 1111 sufficeret
700 1084 841 1112 vnum
874 1069 971 1111 dari
1004 1071 1122 1111 circa
1155 1071 1363 1112 Natalem
1395 1071 1597 1126 Domini,
1631 1071 1709 1127 qui
1741 1072 1846 1115 sub-

107 1141 213 1183 inde
245 1141 411 1183 mutari
443 1141 622 1198 poterit,
656 1140 737 1183 vbi
768 1155 943 1182 necesse
976 1141 1072 1182 erit.

251 1212 473 1255 Omnibus
526 1211 821 1254 consideratis
871 1226 964 1253 non
1009 1212 1191 1254 videtur
1242 1212 1518 1254 commodior
1570 1212 1685 1254 ratio
1737 1213 1845 1256 iniri
1872 1215 1941 1246 Μ·
1962 1216 1995 1240 ‘²2

109 1299 250 1341 posse,
285 1298 417 1340 quam
452 1288 505 1326 Vt
535 1297 616 1340 pro
649 1283 843 1339 singulis
875 1282 1038 1324 scholis
1071 1284 1181 1325 certi
1213 1289 1256 1325 et
1288 1284 1397 1325 stati
1431 1284 1700 1340 Confessarij
1742 1299 1846 1326 con-

111 1357 374 1410 stituantur,
397 1370 516 1397 vnus
546 1355 621 1397 vel
652 1355 802 1411 plures
825 1369 905 1411 pro
928 1369 1114 1396 numero
1135 1355 1460 1411 discipulorum
1482 1355 1687 1410 Scholae,
1721 1356 1848 1398 nulla

110 1427 268 1468 habita
300 1426 473 1468 ratione
493 1426 724 1468 Sodalium
748 1425 964 1480 B.Virg.;
999 1431 1043 1467 et
1061 1427 1109 1467 in
1136 1427 1217 1468 illa
1248 1426 1415 1480 schola,
1450 1426 1528 1468 vbi
1560 1426 1847 1481 confitentur,

110 1498 367 1555 incipiendo
387 1497 441 1539 ab
462 1497 632 1551 infima,
664 1497 802 1538 seriae
836 1497 1151 1554 occupationes
1191 1502 1236 1539 et
1274 1497 1540 1554 scriptiones
1570 1497 1848 1539 omittendae

112 1569 345 1624 videntur,
386 1569 490 1610 licet
529 1568 711 1609 interim
748 1568 1111 1625 praeceptoribus
1152 1569 1345 1611 liberum
1382 1569 1726 1625 relinquendum
1775 1568 1848 1622 sit,

115 1640 338 1695 quomodo
372 1654 473 1682 31103
507 1644 751 1696 occupent,
792 1639 840 1681 in
880 1639 1211 1681 solennioribus
1252 1644 1403 1681 tamen
1435 1640 1561 1682 festis
1594 1639 1849 1697 spiritualia

86 1757 92 1759 ,
115 1716 297 1753 tantum
318 1710 558 1753 tractanda
579 1711 805 1753 videntur.
858 1711 1008 1766 Atque
1024 1716 1076 1752 ut
1098 1711 1269 1753 minore
1288 1711 1574 1754 incommodo
1594 1712 1847 1754 scholarum

113 1781 325 1823 iuuentus
357 1781 448 1823 cito
482 1781 784 1823 Confessionis
817 1781 887 1822 die
921 1782 1206 1838 expediatur,
1247 1783 1443 1824 multum
1474 1783 1665 1837 iuuabit,
1698 1782 1735 1824 si
1767 1784 1850 1825 Su-

113 1854 262 1908 perior
293 1852 382 1894 cito
417 1857 462 1894 et
493 1852 746 1894 sufficiente
778 1866 964 1894 numero
998 1853 1304 1895 Confessarios
1334 1854 1390 1895 ad
1422 1855 1641 1911 templum
1679 1854 1849 1912 mittat,

116 1932 161 1964 et
203 1923 240 1964 si
279 1923 542 1965 Praefectus
588 1923 826 1979 aduigilet,
874 1928 926 1965 vt
965 1928 1084 1966 certo
1126 1925 1281 1966 ordine
1323 1929 1367 1966 et
1402 1940 1588 1968 numero
1637 1925 1850 1982 discipuli

115 1994 429 2037 confiteantur.

256 2065 431 2107 Rhetor
473 2064 660 2122 posthac
704 2066 775 2107 die
819 2066 1107 2108 recreationis
1147 2070 1250 2108 ante
1288 2067 1528 2123 prandium
1562 2068 1741 2110 docebit
1771 2082 1852 2124 per

115 2135 272 2178 horam
301 2151 403 2178 cum
427 2136 616 2179 dimidia
632 2137 761 2179 iuxta
783 2152 884 2179 suas
899 2138 1101 2193 Regulas
1123 2137 1171 2179 in
1193 2138 1264 2180 die
1288 2139 1551 2181 Vacationis
1575 2144 1620 2180 et
1642 2139 1754 2195 Reg.
1779 2142 1849 2183 37.

116 2207 250 2249 Prou.
284 2211 321 2261 ξ.
358 2212 426 2252 11.

258 2279 325 2321 De
369 2279 562 2336 priuatis
602 2280 894 2322 affixionibus
940 2280 1156 2323 videntur
1196 2280 1441 2323 seruandae
1481 2280 1707 2336 Regulae,
1749 2295 1853 2323 cum
1875 2283 2106 2345 Ressiuljlfj'tiofa

116 2363 208 2391 non
240 2350 443 2392 omnium
476 2351 800 2408 discipulorum
839 2351 1102 2407 scriptiones
1140 2351 1231 2393 sint
1263 2351 1529 2407 affigendae,
1563 2351 1638 2393 sed
1670 2356 1851 2393 tantum

117 2420 320 2462 meliores
363 2425 407 2462 et
451 2437 634 2478 paucae.
698 2421 856 2472 Quoad
901 2422 1128 2478 publicam
1173 2423 1433 2465 affixionem
1483 2422 1733 2464 iudicatum
1770 2427 1850 2476 est,

117 2491 319 2533 sufficere
349 2506 487 2534 unam
520 2494 748 2535 solennem
782 2492 1040 2534 affixionem
1082 2493 1132 2535 in
1165 2509 1305 2548 anno,
1346 2494 1528 2550 diesque
1566 2494 1681 2537 liber
1717 2494 1852 2536 relin-

119 2562 322 2617 quendus
353 2562 544 2604 videtur.
590 2562 682 2605 Vbi
714 2569 867 2606 tamen
887 2564 1010 2606 trina
1040 2564 1130 2606 iam
1151 2564 1413 2608 introducta
1441 2570 1520 2620 est,
1552 2566 1682 2609 detur
1703 2581 1850 2623 opera,

117 2647 173 2674 ne
214 2648 314 2675 cum
362 2633 606 2675 offensione
653 2634 805 2691 aliqua
847 2640 1135 2677 externorum
1176 2636 1422 2678 aboleatur.
1487 2637 1647 2687 Quoad
1685 2651 1852 2693 genera

118 2704 367 2746 carminum
405 2709 559 2746 autem
599 2710 643 2746 et
680 2706 878 2762 picturas
914 2706 1130 2749 videntur
1171 2707 1354 2749 omnino
1392 2708 1675 2764 prohibenda
1707 2708 1851 2750 hiero-

117 2774 335 2831 glyphica
366 2775 626 2829 verborum,
668 2777 938 2819 emblemata
975 2792 1082 2820 vero
1114 2792 1257 2835 pauca
1288 2778 1337 2820 in
1368 2793 1459 2821 vna
1491 2779 1663 2832 schola;
1697 2779 1850 2834 aenig-

118 2850 242 2887 mata
273 2845 416 2887 multo
448 2845 660 2902 pauciora
691 2851 735 2889 et
756 2848 939 2890 nonnisi
960 2848 1312 2905 exquisitissima
1334 2849 1561 2905 affigenda
1578 2850 1850 2892 censentur}

267 2951 276 2970 ¹
304 2951 402 2986 Weil
434 2951 471 2986 in
506 2951 632 2987 diesen
658 2953 807 2997 Dingen
840 2955 939 2989 mehr
965 2955 1141 2999 Spielerei
1173 2956 1228 2991 als
1254 2957 1528 3001 Geistesiibung
1563 2966 1654 2997 war,
1690 2956 1850 2990 mussten

119 3009 171 3044 sie
199 3009 418 3045 besehrankt
445 3011 610 3055 werden3
648 3012 701 3047 sie
735 3023 831 3056 ganz
858 3014 1085 3049 aufzuheben
1112 3012 1204 3059 ging
1229 3014 1340 3057 nicht,
1369 3015 1414 3050 (la
1441 3015 1493 3050 sie
1520 3015 1568 3049 im
1595 3015 1722 3049 Geiste
1744 3015 1852 3059 jener

120 3067 202 3102 Zeit
230 3070 350 3112 lagen.
