2143 3462
247 1593 262 1606 1.
276 1584 338 1607 291.

371 201 454 244 196
547 210 657 245 Ratio
685 211 886 246 studiorum
912 216 950 248 61
975 213 1230 248 institutiones
1257 212 1498 249 scholasticae
1524 208 1721 250 Societatis
1746 212 1836 251 Jesu
1860 208 1899 250 ΙῘ

829 403 1053 453 Secunda
1090 406 1210 454 hora
1247 406 1600 470 pomeridiana.

507 496 755 537 Praelectio
788 497 986 550 finiatur,
1020 502 1063 538 et
1091 504 1333 555 repetatur,
1366 504 1409 540 et
1431 499 1592 541 vltimo
1617 499 1793 541 circiter
1813 500 2062 556 quadrante

365 567 584 608 secundae
606 567 743 608 horae
776 569 969 609 Graecae
997 569 1181 624 linguae
1204 570 1547 612 exercitationes
1564 569 1832 612 inchoentur
1852 571 1908 613 ad
1929 571 2063 612 finem

364 653 505 693 Vsque
539 638 805 680 scholarum.
868 640 1036 680 Poetae
1067 655 1174 682 vero
1206 641 1339 682 huius
1372 641 1525 682 classis
1563 640 1654 682 fere
1687 646 1793 683 sunt
1824 642 2061 697 Virgilius,

363 709 594 763 Horatius,
627 709 757 750 Fasti
791 709 959 763 Ouidii,
992 709 1268 765 Tragoediae
1301 712 1510 766 Senecae,
1545 712 1685 754 Statii
1717 713 1899 768 Syluae,
1932 713 2063 754 Glau-

363 779 538 821 dianus

504 851 559 892 In
580 851 763 892 Graecis
796 856 947 892 autem
978 852 1261 908 explicentur
1281 854 1514 909 Isocrates,
1547 854 1790 909 Lucianus,
1823 854 2063 911 Epigram-

363 928 498 976 mata,
529 922 871 978 Aristophanes,
906 922 1186 968 Theocritus.
1236 925 1507 981 Exponatur
1528 925 1667 967 etiam
1689 925 1922 981 Syntaxis,
1944 925 2061 967 ratio

362 998 630 1034 accentuum
662 998 706 1034 et
737 994 992 1049 spirituum.
1046 996 1250 1037 Alternis
1282 996 1439 1038 diebus
1471 996 1643 1052 aliquid
1677 997 1848 1038 Graece
1880 1011 2064 1037 conuer-

361 1070 504 1119 tatur,
546 1069 590 1106 et
627 1064 772 1105 tribus
811 1066 1054 1120 postremis
1094 1068 1201 1108 anni
1242 1067 1470 1110 mensibus
1513 1067 1721 1109 tradatur
1758 1067 1909 1109 breuis
1945 1067 2062 1108 ratio

361 1135 616 1188 Prosodiae,
649 1139 694 1176 et
714 1136 935 1177 nonnulla
957 1142 1157 1179 tentetur
1177 1139 1225 1180 in
1247 1139 1451 1181 versibus
1469 1138 1687 1180 faciendis
1708 1137 1919 1195 prolusio.
1967 1137 2061 1179 Nec

361 1206 643 1249 mediocriter
674 1207 906 1262 conducet,
938 1208 977 1250 si
1009 1215 1273 1266 praeceptor
1303 1209 1507 1252 faciliora
1540 1210 1761 1265 quaedam
1794 1209 1963 1251 Graece
1994 1209 2062 1250 in-

361 1283 569 1333 terroget,
604 1279 772 1320 Graece
804 1279 939 1320 etiam
972 1281 1275 1337 respondeant
1306 1281 1546 1323 auditores,

499 1350 689 1391 Duobus
736 1351 948 1392 extremis
995 1352 1104 1393 anni
1150 1353 1381 1394 mensibus
1423 1367 1556 1394 mane
1602 1352 1700 1394 loco
1739 1352 1798 1394 M.
1833 1351 1971 1407 Tullij
2014 1355 2059 1391 et

359 1420 580 1462 Historici
620 1426 871 1477 exponatur
910 1423 1181 1465 Rhetoricae
1226 1423 1544 1480 compendium
1589 1438 1643 1464 ex
1683 1422 1913 1479 Cypriano
1958 1436 2059 1463 cum

358 1492 550 1533 faciliori
583 1492 735 1548 aliqua
766 1494 827 1535 M.
860 1494 996 1550 Tullij
1032 1493 1268 1550 Oratione,
1309 1503 1361 1537 vt
1390 1509 1471 1552 pro
1503 1494 1684 1549 Archia,
1717 1508 1797 1551 pro
1828 1493 2056 1547 Marcello,

360 1579 441 1621 pro
472 1564 707 1619 DeiotarO,
749 1565 1005 1622 Philippica
1044 1566 1250 1623 septima.
1314 1566 1414 1616 Quo
1446 1571 1646 1623 tempore
1685 1564 2057 1620 adolelscentibus

357 1642 671 1692 proponantur
712 1642 982 1692 argumenta
1014 1637 1337 1691 Exordiorum,
1375 1637 1718 1691 Narrationum,
1758 1636 2056 1693 Epilogorum

358 1707 605 1748 aliarumue
636 1708 836 1763 partium
867 1708 1083 1750 orationis
1105 1709 1257 1753 initio:
1290 1709 1426 1766 paulo
1458 1713 1559 1765 post
1579 1713 1777 1749 totarum
1804 1707 1940 1748 etiam
1962 1720 2057 1747 ora-

358 1778 532 1819 tionum
573 1794 714 1834 Vsque
754 1779 811 1820 ad
854 1779 1004 1823 finem.
1067 1781 1157 1822 Cur
1194 1794 1299 1822 vero
1337 1779 1454 1827 haec,
1486 1778 1747 1821 exercitatio
1787 1794 1812 1819 a
1849 1776 2056 1819 Paschali

359 1854 555 1905 tempore
586 1850 844 1892 inchoanda
875 1865 966 1892 non
999 1851 1070 1905 sit,
1105 1851 1215 1893 alibi
1247 1851 1365 1892 ratio
1397 1850 1575 1892 reddita
1605 1854 1684 1890 est.

881 2206 1103 2270 Classis
1149 2207 1516 2272 Rhetoricae.

501 2329 534 2367 l.
569 2324 724 2367 Sicubi
755 2340 933 2367 necesse
964 2326 1024 2367 sit
1056 2327 1331 2369 Rhetoribus
1363 2341 1584 2384 exponere
1616 2324 1934 2381 compendium
1966 2324 2053 2366 Lo-

351 2394 477 2448 gicae
509 2396 646 2450 (quod
667 2396 985 2452 Philosophiae
1016 2397 1205 2453 alijsque
1227 2398 1521 2440 facultatibus
1542 2411 1703 2439 vacare
1724 2411 1816 2437 non
1835 2397 2055 2452 possunt),

355 2479 443 2505 11011
478 2466 659 2522 expedit
689 2472 786 2507 toto
821 2482 939 2509 anno
972 2468 1192 2523 Logicam
1225 2485 1326 2512 cum
1359 2469 1606 2512 Rhetorica
1645 2467 1931 2522 coniungere,
1965 2481 2057 2509 vna

353 2536 471 2577 enim
505 2538 688 2579 alterius
721 2543 765 2579 et
796 2538 994 2594 phrasim
1028 2545 1072 2581 et
1102 2541 1444 2582 exercitationes
1475 2539 1680 2596 impedit.
1733 2538 1881 2587 Quare
1910 2537 2056 2578 tribus

354 2612 529 2649 lantum
551 2609 724 2649 vltimis
746 2610 854 2650 anni
877 2611 1104 2652 mensibus
1125 2611 1402 2653 Dialecticae
1434 2611 1626 2668 epitome
1658 2625 1789 2652 mane
1811 2613 1855 2651 et
1871 2623 2053 2665 vespere

352 2685 616 2734 exponatur,
649 2681 761 2721 etin
783 2680 1167 2737 disputationibus
1199 2682 1380 2738 Logicis
1413 2683 1715 2724 adolescentes
1746 2683 2050 2722 exerceantur.

352 2749 524 2799 Quodsi
556 2751 835 2792 consuetudo
868 2752 947 2804 sit,
987 2757 1040 2794 vt
1080 2756 1176 2794 tota
1207 2753 1279 2794 die
1311 2753 1601 2794 detineantur
1638 2753 1687 2793 in
1719 2751 1886 2805 schola,
1921 2754 1965 2791 et
1996 2749 2051 2791 ad

349 2826 495 2868 notum
529 2821 647 2862 diem
672 2822 952 2878 implendum
975 2823 1083 2864 satis
1104 2839 1196 2864 esse
1217 2838 1310 2864 non
1332 2823 1513 2865 videtur
1535 2823 1738 2864 studium
1759 2821 2051 2874 Dialecticae,

349 2891 535 2945 adiungi
572 2898 681 2933 tunc
712 2893 849 2934 etiam
881 2899 1030 2950 posset
1063 2893 1249 2949 aliquid,
1282 2893 1403 2949 quod
1426 2894 1483 2935 ad
1507 2894 1752 2936 oratoriam
1783 2892 2048 2934 facultatem

349 2963 603 3018 pertineret.

492 3036 530 3077 2.
564 3033 708 3076 Valde
724 3034 1059 3076 incommodum
1078 3035 1269 3090 videtur,
1292 3040 1342 3078 vt
1364 3036 1653 3078 Rhetoricam
1668 3036 1756 3078 duo
1771 3034 2047 3077 Professores

349 3104 551 3159 doceant,
583 3119 699 3146 Vnus
722 3110 969 3161 praecepta,
1003 3106 1117 3147 alter
1137 3107 1376 3148 orationes.
1428 3108 1547 3150 Vsus
1569 3107 1688 3149 enim
1708 3110 2044 3163 praeceptorum
