2153 3467
63 1475 115 1498 Ars
138 1481 161 1496 m

53 1514 81 1535 et
103 1509 274 1533 Rhetonca.

168 1473 259 1497 etrica

105 1971 272 2003 praelectio.

265 174 350 214 422

274 301 421 357 prima
461 301 572 343 hora
611 317 656 343 se
694 302 986 357 exercuerint,
1028 318 1128 359 pro-

276 370 511 427 ponendiS,
529 375 626 412 tum
638 371 686 412 in
699 371 938 427 phrasibus
954 388 979 414 a
995 373 1127 415 Prae-

278 445 458 498 ceptore
472 441 642 483 habitis
653 443 910 484 memoriter
927 442 1130 485 dicendis

280 517 359 554 aut
375 511 619 566 variandis,
642 517 739 555 tum
767 513 816 555 in
838 513 1130 570 epistolarum

280 599 331 625 ac
349 583 617 626 Rhetoricae
634 584 883 641 praeceptis
893 585 1130 626 reddendis
1147 588 1149 599 ¹

281 660 359 696 aut
405 654 715 711 applicandis,
754 661 851 697 tum
889 655 937 697 in
977 656 1152 712 exqui-!

281 725 419 767 renda
450 726 704 781 quantitate
737 726 1033 782 syllabarum,
1066 727 1132 769 al-

283 797 376 838 lata
407 796 663 838 memoriter
694 797 851 852 regula
882 797 954 839 vel
976 802 1135 855 poetae

286 867 503 924 exemplo,
537 871 634 910 tum
666 867 714 909 in
752 867 1024 924 proprietate
1058 874 1137 911 aut

286 938 566 994 etymologia
604 938 758 995 aliqua
801 939 1136 995 investiganda,

288 1014 385 1051 tum
436 1008 485 1051 in
538 1009 691 1065 aliquo
744 1010 897 1065 graeci
946 1011 1137 1054 latinive

291 1081 485 1122 auctoris
516 1080 612 1122 loco
654 1081 1008 1138 interpretando,
1041 1087 1138 1125 tum

290 1152 340 1194 in
371 1150 543 1206 graecis
585 1151 917 1195 difficilioribus
961 1158 1005 1196 et
1037 1168 1141 1196 ano-

292 1222 423 1265 malis
455 1222 605 1265 verbis
636 1223 922 1267 inflectendis
949 1225 1144 1268 forman-

296 1293 457 1349 disque
503 1298 548 1335 et
588 1293 689 1336 aliis
727 1297 906 1351 generis
950 1296 1148 1353 ejusdem

300 1364 356 1406 ad
388 1365 696 1423 Praeceptoris
728 1366 980 1410 arbitrium.

467 182 573 217 Ratio
601 182 727 217 studio
750 193 828 217 rum
855 188 892 218 et
918 183 1171 218 institutiones
1199 183 1443 219 scholasticae
1470 185 1666 220 Societatis
1692 186 1780 221 Jesu
1805 187 1843 221 ΙΙ

1164 304 1297 346 initio
1329 303 1506 346 scholae
1536 305 1609 346 vel
1640 304 1728 347 alio
1756 310 2009 362 opportuno

1166 380 1364 432 tempore
1409 391 1453 417 se
1503 375 1803 431 exercuerint,
1849 391 2009 433 propo-

1166 445 1341 499 nendis,
1372 450 1470 488 tum
1501 446 1549 488 in
1580 446 1817 503 phrasibus
1837 462 1863 489 a
1884 447 2014 489 Prae-

1169 522 1346 573 ceptore
1360 517 1528 559 habitis
1542 517 1798 560 memoriter
1816 517 2016 560 dicendis

1170 592 1248 630 aut
1308 588 1558 642 variandis,
1625 592 1723 630 tum
1778 589 1828 630 in
1893 603 2018 645 prae-

1171 658 1312 716 ceptis
1342 659 1580 702 reddendis
1612 665 1692 702 aut
1724 659 2018 716 applicandis,

1172 734 1270 772 tum
1286 729 1335 771 in
1354 730 1628 785 exquirenda
1655 730 1909 786 quantitate
1931 731 2023 788 syl-

1172 800 1391 854 labarum,
1424 800 1563 843 allata
1588 800 1845 843 memoriter
1865 801 2024 856 regula

1174 871 1247 913 vel
1278 875 1435 928 po'e'tae
1468 871 1687 928 exemplo,
1719 874 1817 914 tum
1849 871 1896 913 in
1922 885 2024 928 pro-

1175 941 1369 999 prietate
1414 946 1495 984 aut
1545 941 1825 998 etymologia
1875 942 2027 999 aliqua

1176 1013 1516 1070 investiganda,
1528 1018 1625 1056 tum
1634 1014 1684 1055 in
1696 1013 1848 1070 aliquo
1863 1013 2028 1069 graeci,

1158 1108 1161 1141 '.
1178 1084 1314 1126 latini
1361 1084 1652 1127 vernaculive
1698 1084 1895 1127 auctoris
1932 1085 2029 1126 loco

1181 1155 1464 1212 explanando
1475 1160 1519 1197 et
1530 1155 1631 1197 aliis
1644 1155 1822 1211 generis
1833 1155 2031 1212 ejusdem

1185 1226 1241 1269 ad
1274 1227 1583 1284 Praeceptoris
1617 1226 1866 1269 arbitrium.

451 1471 494 1517 8.
557 1471 646 1515 Ars
678 1474 865 1517 metrica
897 1476 1096 1518 celeriter
1126 1479 1377 1519 recurretur
1406 1475 1454 1517 in
1486 1476 1541 1518 iis
1572 1476 1718 1518 solum
1752 1476 2037 1528 inhaerendo,

305 1542 468 1598 quibus
500 1543 646 1599 magis
679 1559 808 1600 egere
838 1546 1137 1602 videbuntur,

307 1613 464 1657 cando.

1185 1552 1230 1589 et
1263 1547 1507 1590 exercendo
1548 1548 1701 1605 potius
1733 1562 1868 1603 quam
1900 1547 2040 1604 expli-

527 1613 804 1659 Rhetoricae
836 1617 944 1659 item
979 1618 1198 1675 Cypriani
1228 1634 1320 1660 non
1342 1626 1436 1660 tam
1467 1619 1606 1661 verba
1636 1633 1771 1674 quam
1801 1623 2042 1674 praecepta

308 1687 451 1738 (1832
483 1687 624 1728 solum
659 1687 820 1741 „Rhea
853 1688 959 1731 item
993 1691 1277 1747 praecepta4‘)
1314 1689 1509 1731 breviter
1539 1689 1844 1743 illustrentur,
1877 1688 2042 1731 additis

309 1770 363 1797 ex
397 1755 552 1798 eodem
584 1759 652 1813 (eat
679 1764 1033 1815 praeceptorum)
1071 1761 1227 1803 libello
1261 1760 1499 1817 exemplis,
1532 1765 1601 1816 et,
1641 1760 1677 1802 si
1720 1775 1789 1802 res
1828 1760 1956 1815 ferat,
1990 1775 2045 1801 ex

309 1827 589 1882 quotidianis
622 1830 1016 1887 praelectionibus.

455 1936 501 1982 9.
536 1938 711 1980 Graeca
721 1939 1023 1996 praelectione
1031 1941 1162 1984 alter·

310 2009 380 2050 nis
406 2009 565 2051 diebus
593 2011 890 2066 grammatica
924 2016 969 2053 et
998 2016 1155 2055 auctor
1179 2001 1180 2004 Ἴ

311 2081 640 2139 explanabitur,
650 2082 1181 2161 grammaticaequidem

314 2154 510 2196 breviter
527 2154 750 2196 decursis
739 2154 794 2195 iis
799 2170 936 2210 ,quae
952 2156 1000 2198 in
1015 2157 1161 2213 prima

314 2226 452 2267 classe
483 2226 654 2269 tradita
690 2227 889 2282 fuerant,
930 2228 1160 2284 syntaxim

314 2307 358 2344 et
390 2302 612 2344 rationem
642 2307 909 2345 accentuum
929 2317 1163 2360 persequa-

316 2379 403 2415 tur.
426 2400 479 2404 —
498 2373 672 2416 Auctor
689 2389 795 2417 vero
806 2374 950 2431 primo
963 2374 1163 2416 semestri

318 2445 490 2487 solutae
522 2446 741 2488 orationis
774 2451 975 2487 sumetur
1016 2460 1070 2486 ex
1101 2444 1166 2486 fa-

319 2517 569 2571 cilioribus,
616 2523 668 2559 ut
719 2517 896 2572 aliquae
943 2516 1168 2558 orationes

319 2588 532 2630 Isocratis
575 2593 620 2630 et
657 2589 737 2630 ὃὸ.
772 2587 1083 2644 Chrysostomi
1125 2591 1189 2628 et*

544 2665 595 2700 ut
639 2674 692 2700 ex
730 2659 932 2716 epistolis
964 2655 1190 2700 Platonisl

320 2659 503 2713 Basilii,

320 2735 365 2772 et
405 2730 606 2786 Synesii,
648 2735 699 2772 ut
740 2730 914 2786 aliquid
955 2730 1169 2772 selectum

321 2817 375 2844 ex
397 2801 663 2853 Plutarcho,
687 2802 827 2843 altero
851 2801 1056 2843 semestri
1079 2814 1172 2843 car-

324 2888 428 2915 men
459 2872 644 2928 aliquod
676 2872 990 2928 explicabitur,
1023 2886 1076 2913 ex
1104 2885 1170 2925 gr.

323 2960 377 2986 ex
399 2943 659 3001 Phocylide,
691 2943 967 2998 Theognide,
995 2943 1039 2984 S.
1064 2943 1173 2984 Gre-

324 3016 450 3072 gorio
513 3014 823 3068 Nazianzeno,

325 3089 485 3132 horum
518 3085 752 3130 similibus.

887 3012 1078 3071 Synesio
1130 3016 1173 3052 et

1190 2991 1191 3003 ἵ
1211 2936 1497 2993 Theognides
1551 2933 1647 2993 [sic]
1660 2967 1668 2986 ,

1344 1939 1391 1985 9.
1425 1941 1598 1983 Graeca
1605 1937 1903 1996 praelectione
1913 1937 2044 1979 alter-

1201 2011 1271 2053 nis
1288 2011 1445 2053 diebus
1469 2014 1708 2067 praecepta
1727 2014 1772 2051 et
1800 2013 1955 2051 auctor
1975 2022 2047 2050 ex-

1200 2082 1472 2139 planabitur.
1506 2081 1666 2132 Quoad
1692 2084 1928 2137 praecepta
1948 2079 2046 2135 qui—

1178 2132 1314 2208 dem,
1363 2154 1558 2197 breviter
1592 2152 1786 2195 decursis
1820 2151 1888 2205 iis,
1935 2165 2049 2206 quae

1197 2222 1248 2267 in
1279 2188 1649 2283 praecedentibus
1678 2223 1843 2266 scholis
1879 2221 2050 2265 tradita

1200 2298 1392 2352 fuerant,
1403 2302 1545 2340 artem
1557 2295 1789 2338 metricam
1799 2298 1843 2336 et
1852 2293 2051 2336 diversas

1203 2369 1420 2412 dialectos
1441 2367 1648 2425 explicet.
1674 2391 1726 2397 —-
1750 2366 1923 2408 Auctor
1943 2379 2050 2406 vero

1205 2442 1376 2484 solutae
1407 2439 1624 2482 orationis
1647 2442 1847 2480 sumetur
1868 2452 1921 2478 ex
1943 2435 2051 2478 faci-

1205 2512 1405 2565 lioribus,
1428 2516 1481 2553 ut
1505 2510 1682 2565 aliquae
1710 2508 1936 2551 orationes
1959 2507 2052 2548 Iso-

1206 2583 1342 2626 cratis
1373 2586 1418 2624 et
1450 2581 1527 2624 SS.
1552 2578 1862 2637 Chrysostomi
1893 2582 1939 2620 et
1967 2578 2053 2619 Ba-

1207 2654 1311 2708 silii,
1344 2657 1397 2696 ut
1436 2668 1491 2695 ex
1531 2651 1732 2709 epistolis
1763 2649 1969 2692 Platonis
2008 2652 2054 2689 et

1210 2724 1411 2782 Synesii,
1454 2728 1506 2765 ut
1547 2721 1720 2778 aliquid
1757 2721 1967 2763 selectum
1999 2732 2054 2760 ex

1209 2795 1475 2849 Plutarch03
1500 2810 1553 2836 ex
1576 2793 1720 2851 poetis
1742 2796 1892 2835 autem
1915 2789 2055 2846 expli-

1211 2866 1302 2909 cari
1324 2865 1488 2922 poterit
1511 2865 1748 2917 Homerus,
1771 2859 2054 2917 Phocylides,

1720 2933 1764 2974 S.
1810 2929 2056 2986 Gregorius

1212 3009 1535 3061 Nazianzenus,
1569 3003 1783 3062 Synesius
1820 3007 1865 3045 et
1895 3001 2055 3043 horum

1212 3080 1393 3122 similes.
