2089 3381
619 146 660 181 R.
688 152 732 183 st.
764 149 861 182 1586.
901 147 1236 184 Commentariolus.
1717 140 1766 183 41

83 267 158 309 sit:
192 270 338 322 potest
369 267 488 309 enim
520 282 569 309 ea
601 283 670 309 res
702 267 848 308 taxari
880 272 924 308 et
955 268 1054 323 plus
1088 267 1242 320 nimio,
1275 271 1342 320 vt,
1383 269 1419 307 si
1453 268 1774 311 absurdissima

81 353 280 394 quaeque
313 340 647 394 permittantur,
680 343 724 380 et
756 339 917 390 minus,
950 353 1084 393 quam
1118 342 1308 394 oportet,
1341 344 1392 379 vt
1424 339 1460 379 si
1491 354 1578 381 non
1607 341 1774 383 liceant

80 423 193 464 quae
222 412 225 458 Ι
254 409 504 464 probantur
546 409 602 451 ab
652 408 873 453 omnibus,
937 409 1227 451 Mediocritas
1273 409 1416 464 igitur
1462 411 1673 466 optanda,
1722 412 1769 453 in
1805 441 1821 453 ‚.

81 480 334 534 quaerenda
352 495 470 533 vero,
489 481 574 522 hoc
593 494 718 535 opus,
741 479 814 520 hic
833 480 960 522 labor
983 485 1063 522 est.
1097 481 1210 522 Eam
1233 481 1365 536 plane
1398 481 1528 522 aliter
1551 481 1626 537 alij
1649 482 1775 523 meti-

79 556 245 593 rentur.
308 552 458 593 Huius
490 566 593 593 vero
627 550 846 592 formulae
879 551 1116 607 scriptores
1148 556 1251 607 post
1283 552 1483 594 sedulam
1516 552 1570 594 de
1601 557 1697 595 tota
1728 569 1774 595 re

79 621 448 664 deliberationem
480 621 838 664 mediocritatem
872 637 1051 664 omnem
1091 623 1138 663 in
1179 638 1228 664 eo
1269 623 1461 678 positam
1503 639 1595 665 esse
1640 624 1776 666 duxe-

77 698 195 737 runt.
229 698 280 735 vt
300 693 587 748 ingeniorum
619 694 931 735 exercitationi
964 708 1148 750 campus
1180 693 1342 750 aliquis
1374 699 1528 750 pateat
1561 711 1611 737 ac
1643 696 1776 738 liber-

80 768 162 813 tas,
198 765 392 820 primum
425 765 470 805 in
506 763 573 819 ijs,
615 780 727 819 quae
759 765 901 806 libera
938 765 1272 820 relinquuntur,
1312 765 1472 807 deinde
1511 766 1557 807 in
1598 768 1772 822 excogi-

80 835 231 877 tandis
270 835 640 877 distinctionibus
679 841 722 878 et
763 836 1084 891 fundamentis,
1126 836 1291 892 quibus
1329 851 1392 883 ea,
1434 852 1547 892 quae
1591 837 1777 880 definita

81 912 199 960 sunt,
235 906 634 960 constabiliantur3
676 911 770 949 tum
806 909 854 950 in
887 907 1045 963 ijsdem
1077 908 1416 964 impugnandis,
1459 924 1556 951 cum
1598 910 1776 966 publice

79 977 325 1034 disputant,
360 979 470 1033 quin
502 979 638 1020 etiam
671 979 777 1021 dum
811 979 987 1032 docent,
1021 979 1070 1033 si,
1105 994 1218 1034 quae
1246 979 1333 1021 sibi
1355 985 1483 1021 acute
1504 980 1775 1033 obiecerunt,

79 1049 254 1091 acutius
296 1049 494 1102 diluant3
544 1054 641 1091 tum
689 1051 736 1092 in
781 1051 932 1106 aliqua
970 1065 1189 1092 nouarum
1233 1052 1562 1106 quaestionum,
1603 1053 1776 1108 opinio-

78 1135 274 1176 numque
298 1121 644 1174 excogitatione,
678 1123 1039 1178 praepositorum
1062 1127 1213 1164 tamen
1234 1122 1402 1164 iudicio
1427 1123 1777 1179 comprobanda,

78 1206 165 1246 quo
199 1191 342 1234 tutior
374 1192 444 1233 sit.
508 1192 739 1234 Hactenus
772 1208 903 1247 agere
935 1193 1077 1235 libere
1098 1193 1247 1246 liceat,
1281 1199 1510 1250 praeterea
1530 1194 1647 1237 nihil
1665 1194 1774 1248 fere:

78 1263 198 1318 quod
229 1278 321 1304 non
353 1268 419 1305 est
449 1264 646 1319 ingenijs
679 1263 882 1305 minuere
913 1264 1184 1316 libertatem,
1217 1265 1293 1306 sed
1325 1265 1548 1320 perficere,
1582 1281 1673 1308 non
1695 1267 1777 1308 mi-

77 1348 162 1375 nus
196 1349 328 1389 quam
363 1350 463 1376 cum
495 1335 628 1377 velox
661 1351 800 1390 equus
832 1335 1111 1377 abstrahitur
1145 1336 1325 1391 quidem
1360 1353 1385 1378 a
1407 1336 1578 1393 spatijs,
1612 1337 1776 1392 quibus

79 1404 367 1447 decurrendis
399 1405 584 1461 aliquod
616 1407 850 1448 timeretur
882 1407 1153 1463 periculum;
1202 1408 1384 1450 laxatur
1423 1413 1589 1463 tamen,
1635 1413 1687 1449 vt
1727 1407 1775 1449 in

80 1476 246 1531 apertis
307 1477 508 1532 tutisque
569 1479 752 1534 campis,
815 1483 1035 1534 quantum
1085 1479 1212 1532 velit,
1277 1480 1543 1535 expatie-tur.
1635 1479 1775 1522 Porro

77 1546 350 1589 doctissimis
381 1548 491 1590 viris
524 1564 785 1605 persuasum
818 1565 990 1606 semper
1021 1550 1125 1603 fuit,
1170 1551 1217 1591 in
1256 1550 1458 1607 probatis
1498 1551 1775 1607 receptisque

77 1618 309 1674 sententijs
341 1618 514 1675 ingenij
547 1620 643 1661 vim
675 1621 921 1676 exprimere
965 1622 1066 1678 plus
1099 1621 1261 1663 habere
1304 1621 1584 1675 subtilitatis,
1626 1621 1775 1663 laudis

75 1692 119 1730 et
157 1689 394 1744 commodi,
442 1705 577 1745 quam
621 1691 854 1733 licentiam
894 1707 945 1734 ac
981 1692 1235 1734 nouitatem
1275 1692 1506 1749 opinandi.
1590 1693 1775 1735 Habent

76 1760 232 1802 Nostri
262 1760 310 1802 in
342 1761 398 1816 ijs
430 1763 581 1815 etiam,
616 1777 730 1817 quae
761 1762 835 1804 hic
867 1763 1160 1817 definiuntur,
1197 1779 1298 1806 cum
1336 1766 1535 1820 perfecta
1572 1764 1774 1806 nondum

75 1830 178 1881 sint,
213 1831 409 1887 amplam
442 1837 638 1888 segetem
670 1833 918 1875 foecundae
939 1834 1231 1886 inuentionis,
1265 1850 1319 1876 ex
1347 1851 1435 1890 qua
1457 1840 1674 1892 tanquam
1697 1850 1776 1877 suo

75 1901 128 1943 de
159 1908 294 1958 partu
325 1919 540 1960 magnam
573 1904 758 1960 capiant
781 1905 1075 1962 voluptatem.
1140 1905 1272 1955 Quod
1304 1908 1341 1949 si
1371 1907 1472 1963 plus
1495 1907 1642 1948 adhuc
1664 1905 1778 1947 desi-

75 1972 256 2014 deretur
295 1974 536 2029 libertatiS,
577 1976 831 2032 experimur
870 1976 1085 2032 quotidie,
1126 1977 1173 2018 id
1213 1982 1361 2020 totum
1403 1994 1497 2020 esse
1541 1977 1773 2029 eiusmodi,

73 2048 126 2085 vt
164 2044 298 2086 valde
343 2051 504 2088 noceat
545 2047 797 2089 valetudini
830 2049 1113 2100 Nostrorum,
1160 2049 1237 2104 qui
1277 2064 1321 2090 se
1368 2054 1462 2091 tam
1491 2052 1496 2105 Ι
1525 2050 1772 2091 multarum

74 2130 223 2157 rerum
255 2117 589 2172 excogitatione
620 2119 887 2173 conficiunt,
921 2123 1121 2161 nostram
1155 2120 1359 2162 omnium
1390 2120 1775 2162 existimationem

73 2186 123 2227 in
155 2187 394 2230 discrimen
426 2188 635 2243 adducat,
668 2190 716 2231 in
748 2190 950 2246 materijs
981 2192 1101 2232 enim
1134 2196 1230 2233 tam
1261 2192 1445 2233 lubricis
1475 2207 1568 2234 non
1597 2197 1663 2234 est
1684 2206 1776 2233 om-

74 2258 202 2300 nium
232 2263 334 2302 tuta
365 2260 592 2314 inuenti03
627 2262 860 2317 perturbet
892 2262 1192 2312 concordiam,
1226 2262 1318 2304 iam
1350 2263 1428 2305 diu
1468 2263 1589 2304 enim
1626 2263 1774 2305 nescio

76 2344 190 2384 quae
221 2330 349 2384 quasi
382 2337 603 2373 sectarum
637 2332 808 2374 semina
849 2337 1119 2386 cernuntur3
1163 2333 1334 2375 officiat
1371 2333 1595 2376 soliditati
1636 2335 1776 2375 scien-

75 2400 178 2454 tiae,
212 2402 389 2443 mauult
420 2402 539 2444 enim
572 2403 762 2458 quilibet
801 2418 905 2445 suos
936 2403 1009 2444 vel
1048 2403 1250 2446 incoctos
1290 2409 1335 2445 et
1376 2404 1591 2446 informes
1629 2405 1775 2446 foetus

77 2470 216 2523 edere,
265 2486 399 2527 quam
444 2473 604 2515 alienis
644 2474 939 2530 acquiescere,
988 2475 1129 2516 donec
1161 2489 1240 2516 suo
1273 2475 1623 2531 auditorumque
1654 2476 1774 2518 malo

78 2541 220 2583 discat
251 2557 345 2584 sero
379 2544 561 2585 tandem
593 2550 711 2586 recte
743 2560 917 2601 sapere:
959 2561 1062 2587 cum
1100 2547 1377 2601 praesertim,
1416 2547 1454 2588 si
1495 2547 1594 2602 quis
1633 2546 1777 2603 possit

76 2611 146 2667 ijs,
180 2628 293 2668 quae
324 2614 373 2655 in
404 2628 640 2657 commune
673 2615 861 2658 definita
892 2621 1051 2669 essent,
1096 2631 1238 2658 vnum
1282 2622 1360 2659 aut
1393 2618 1583 2659 alterum
1615 2618 1776 2660 melius

78 2684 350 2738 excogitare,
399 2685 551 2740 peiora
590 2687 735 2728 multa
776 2687 1012 2743 parturiat.
1092 2687 1429 2730 Consulendum
1463 2703 1640 2744 quoque
1686 2688 1775 2730 fuit

77 2752 341 2808 iunioribus,
383 2769 451 2807 ne,
497 2756 796 2813 cumprimum
837 2757 893 2799 ad
933 2758 1182 2801 docendum
1232 2760 1463 2808 accedunt,
1510 2759 1644 2800 licere
1687 2758 1775 2799 sibi

79 2824 265 2866 credant
296 2830 519 2881 spectatos
557 2827 634 2869 diu
671 2829 914 2883 magistros
954 2843 1228 2885 oppugnare,
1267 2835 1312 2871 et
1355 2831 1403 2871 in
1440 2830 1537 2887 ipso
1575 2829 1772 2884 tirocinij

78 2894 235 2937 limine
276 2896 489 2938 lacessere
521 2902 771 2952 veteranos,
813 2900 934 2955 quod
971 2900 1080 2942 boni
1121 2901 1347 2943 auditores
1385 2906 1430 2943 et
1466 2900 1774 2957 impudentiae

79 2980 222 3019 genus
259 2981 351 3008 esse
388 2971 566 3023 putant,
616 2974 659 3010 et
696 2970 850 3012 dolent
887 2971 1091 3013 fraudari
1132 2987 1177 3013 se
1216 2973 1490 3014 melioribus.
1562 2972 1683 3012 Hinc
1728 2976 1773 3011 et

81 3036 247 3079 crebris
278 3043 323 3080 et
353 3038 548 3096 publicis
586 3040 958 3084 altercationibus
996 3057 1127 3100 saepe
1166 3043 1362 3086 laeditur
1401 3042 1640 3098 religiosae
1680 3054 1773 3084 mo-

1796 2074 1823 2097 p.
1846 2065 1888 2089 25.
