2148 3402
182 177 596 222 Eingeh.Beurteilung
623 178 685 212 der
712 178 753 212 R.
769 182 813 212 st.
840 177 913 212 und
937 178 1153 211 Autworten
1180 174 1244 209 des
1272 174 1310 208 P.
1336 172 1540 217 Aquaviva.
1571 172 1695 215 1602s3
1733 161 1818 203 489

92 310 259 352 seruari
290 313 470 366 propter
509 304 710 365 inopiam
747 321 1054 365 personarum3
1099 305 1218 360 quod

91 381 128 421 si
162 380 251 436 ipsi
287 386 596 437 praeceptores
627 380 733 421 111110
765 378 910 421 officio
934 377 1218 433 deputentur,

91 451 223 493 facile
256 452 425 494 orietur
456 451 662 504 offensio,
703 465 804 492 cum
843 449 935 490 sint
972 446 1218 505 plurimum

90 522 294 577 aequales
326 521 552 574 doctrina,
591 521 663 563 uel
703 534 795 562 non
833 519 1027 561 multum
1059 520 1217 559 mutuo

90 607 135 633 se
176 598 406 649 superent,
456 593 613 634 saltem
663 606 743 633 sua
780 588 1135 641 existimatione,
1175 590 1219 628 et

88 678 219 718 aegre
239 678 320 705 nos
340 665 567 720 patiamur
584 662 749 718 corrigi
770 677 795 703 a
815 661 995 703 talibus
1031 659 1219 715 Oportet

89 734 169 776 hos
200 749 292 776 esse
324 734 572 776 destinatos
612 734 734 775 uiros
772 732 905 774 ualde
944 730 1142 773 eruditos
1174 732 1218 770 et

88 805 313 858 discretos,
337 820 526 861 quorum
560 809 686 846 extra
706 805 1022 859 Praeceptores
1044 814 1218 857 semper

88 876 173 917 erit
204 891 372 932 magna
402 876 620 932 paucitas,
684 875 875 918 Videtur
905 873 1050 929 igitur
1080 873 1216 913 Prae—

87 946 231 989 fectus
263 947 478 1000 sufficere;
514 946 676 1002 quodsi
707 946 781 988 hic
800 944 1048 986 necessaria
1070 942 1216 984 erudi—

88 1017 212 1060 tione
253 1021 424 1071 careat,
466 1017 662 1073 suppleri
699 1016 867 1073 poterit
903 1015 978 1057 hic
1017 1013 1217 1055 defectus

87 1103 166 1145 per
199 1089 351 1142 alium,
386 1088 463 1144 qui
494 1089 612 1129 inter
643 1092 841 1130 caeteros
873 1086 1052 1128 eminet.

231 1162 270 1202 9.
335 1160 398 1202 Vt
435 1159 589 1201 nullus
636 1158 880 1215 recipiatur
926 1157 974 1198 in
1021 1155 1216 1212 discipu-

87 1230 233 1272 lorum
254 1245 506 1281 numerum,
539 1230 628 1271 nisi
652 1229 902 1271 adducatur
921 1227 993 1269 uel
1016 1243 1040 1269 a
1059 1240 1216 1283 paren-

86 1300 207 1342 tibus
248 1301 322 1344 vel
363 1302 418 1343 ab
459 1301 572 1355 aliis,
622 1300 785 1356 quibus
832 1313 963 1341 curae
1010 1298 1088 1352 sit,
1136 1301 1215 1339 aut

88 1386 219 1427 quem
251 1371 344 1428 ipse
376 1372 635 1414 Praefectus
665 1371 800 1425 norit,
833 1374 912 1412 aut
932 1369 986 1411 de
1019 1383 1106 1425 quo
1123 1383 1214 1410 non

86 1441 219 1483 facile
251 1443 391 1498 possit
424 1443 572 1485 doceri
604 1443 661 1484 ab
692 1442 761 1496 iis,
796 1443 875 1498 qui
896 1442 994 1485 noti
1016 1445 1134 1495 sunt,
1159 1467 1210 1471 —

87 1512 124 1554 si
155 1512 457 1569 intelligatur,
491 1518 541 1556 vt
573 1514 653 1556 fiat
686 1517 892 1555 oretenus
922 1513 996 1555 uel
1026 1528 1105 1569 per
1143 1511 1216 1553 lit-

88 1588 205 1625 teras
243 1585 639 1639 (quemadmodum
678 1585 976 1641 intelligenda
1004 1584 1215 1638 uidetur),

87 1655 327 1697 obseruatu
362 1655 509 1697 facilis
542 1661 620 1710 est,
655 1656 792 1698 etiam
814 1656 863 1698 in
880 1654 1148 1709 Academiis,
1174 1659 1217 1696 et

85 1726 219 1767 ualde
230 1727 441 1768 conducit
453 1727 509 1769 ad
520 1742 673 1783 pacem
686 1727 914 1784 publicam
936 1727 1217 1779 seruandam,

85 1796 185 1838 ideo
207 1797 442 1839 retinenda
463 1803 541 1839 est.
598 1799 823 1840 Conuenit
844 1798 977 1852 enim,
1009 1802 1062 1840 vt
1084 1812 1215 1839 nemo

85 1867 269 1923 ignotus
286 1883 465 1924 prorsus
488 1869 583 1910 sine
602 1870 760 1911 saltem
781 1869 933 1924 aliquo
957 1868 1216 1910 testimonio

87 1938 371 1981 admittatur.
426 1939 557 1989 Quod
590 1940 627 1981 si
658 1940 902 1996 aliquando
935 1955 1061 1982 casus
1093 1939 1216 1981 aliud

86 2008 216 2064 ferat,
249 2010 323 2052 hic
355 2010 475 2052 enim
506 2012 664 2067 regula
685 2026 777 2053 non
809 2010 1215 2068 comprehenditur,

85 2080 190 2136 quia
223 2081 363 2135 addit,
396 2086 617 2137 quantum
648 2082 744 2124 fieri
773 2086 932 2139 potest.

231 2156 251 2196 l
261 2156 281 2196 1
289 2184 298 2193 .
330 2152 457 2194 Idem
467 2168 573 2195 uero
583 2154 763 2195 uidetur
770 2153 987 2196 iudicium
1004 2153 1140 2209 (quod
1157 2169 1213 2195 sc.

87 2221 218 2263 facile
237 2222 464 2265 observari
480 2224 640 2280 possit)
661 2224 715 2265 de
729 2228 811 2278 11.,
830 2224 878 2265 111
891 2239 978 2280 qua
999 2223 1216 2280 praecipi-

87 2298 175 2347 tur,
193 2296 244 2334 vt
267 2294 451 2336 nomina
474 2299 714 2351 parentum
737 2295 873 2337 etiam
898 2295 1215 2350 inscribantur,

87 2377 179 2405 11011
211 2369 332 2406 caret
363 2365 498 2407 etiam
531 2367 722 2420 ratione,
756 2372 800 2408 et
836 2367 933 2408 fieri
971 2366 1214 2423 plurimum

88 2439 246 2491 potest.

232 2509 298 2549 13.
348 2505 468 2548 Ordo
479 2508 730 2550 studiorum
744 2508 1022 2565 praescribit,
1041 2508 1217 2564 quodin

89 2576 240 2618 schola
259 2582 498 2632 syntaxeos
507 2580 701 2634 primum
720 2580 931 2622 doceatur
941 2595 1011 2621 ars
1032 2580 1217 2622 metrica

90 2647 303 2703 (perfecta
314 2661 372 2688 80.
391 2663 491 2690 011111
509 2651 861 2706 exceptionibus,
880 2651 1129 2694 carminum
1139 2666 1214 2707 ge-

90 2717 287 2774 neribus)
297 2719 457 2760 secund
465 2733 490 2760 0
499 2721 712 2764 semestri.
734 2722 972 2777 Dilingani
984 2726 1087 2778 post
1094 2737 1216 2763 men—

91 2804 182 2830 sem
218 2789 273 2830 ab
302 2789 626 2832 instauratione
657 2793 811 2835 statim
842 2793 1069 2849 incipiunt
1097 2792 1213 2835 hanc
1232 2805 1234 2854 j

91 2859 257 2913 docere,
281 2874 363 2901 nec
383 2864 534 2901 tamen
552 2861 663 2904 dant
680 2863 813 2905 huius
833 2864 898 2905 rei
913 2864 1053 2906 vllam
1077 2864 1212 2906 ratio·
1231 2891 1233 2902 ⁴

91 2945 214 2984 nem3
251 2930 416 2972 idcirco
432 2931 647 2974 uidentur
666 2935 721 2975 ad
738 2935 936 2976 ordinem
959 2934 1212 2976 studiorum

92 3002 361 3043 seruandum
391 3002 663 3055 remittendi,
691 3004 766 3045 sed
797 3006 1131 3048 accommodare
1168 3021 1212 3047 se

93 3072 255 3114 nolunt
286 3073 536 3129 Dilingani.

1258 308 1405 358 antur,
1439 303 1516 359 qui
1548 303 1727 359 publice
1758 301 1821 343 af·

1257 374 1438 429 figenda
1459 373 1729 415 examinent.
1765 398 1815 402 —-

1255 445 1310 486 R.
1375 444 1573 486 Satisfiet
1622 443 1819 499 regulae,

1256 514 1293 555 si
1326 518 1502 570 praeter
1534 514 1819 555 Praefectum

1256 585 1371 626 alter
1404 585 1629 640 quispiam
1662 600 1686 625 a
1708 585 1820 626 Rec-

1253 659 1350 697 tore
1400 655 1680 710 designetur,
1742 655 1820 710 qui

1255 741 1356 767 cum
1370 741 1420 768 eo
1435 740 1599 767 munus
1612 725 1660 766 id
1675 726 1819 767 obeat.

1256 795 1407 852 (Ibid.)

1342 1151 1384 1193 A
1397 1152 1426 1193 d
1448 1155 1487 1196 9.
1536 1151 1610 1192 An
1631 1150 1741 1193 satis
1761 1151 1821 1192 sit

1253 1222 1546 1264 scholasticos
1586 1222 1819 1264 Praefecto

1253 1309 1307 1335 ex
1324 1294 1514 1336 aliorum
1528 1293 1670 1335 literis
1690 1297 1820 1335 notos

1252 1380 1358 1419 esse,
1383 1366 1420 1406 si
1443 1380 1469 1406 a
1490 1364 1611 1406 notis
1632 1379 1725 1406 non
1746 1364 1819 1405 de·

1252 1435 1487 1479 ducantur.
1512 1462 1561 1466 —
1589 1435 1645 1477 R.
1699 1434 1820 1477 Satis

1252 1511 1330 1549 est.
1395 1507 1460 1561 (P.
1497 1509 1580 1550 139
1613 1509 1693 1562 sq.)

1339 2145 1419 2187 Ad
1452 2149 1503 2189 11
1539 2149 1589 2187 et
1627 2148 1695 2190 13.
1757 2145 1814 2187 R.

1253 2216 1430 2271 Placet,
1472 2232 1553 2258 nec
1592 2216 1716 2258 aliud
1748 2221 1816 2258 est

1284 2286 1405 2342 quod
1450 2287 1785 2343 respondeatur.

1255 2357 1321 2411 (P.
1359 2360 1473 2412 140.)
