2153 3467
101 462 275 485 Visitandao

88 497 285 528 repetitiones.

120 699 175 731 Qui
199 699 291 729 magis

125 734 291 759 exercendi.

94 1743 264 1767 Arndt-miae

139 1778 212 1801 dics.

56 2097 135 2129 Quae
156 2100 294 2124 exercita-

56 2134 149 2159 tiones
172 2136 299 2160 Modera-

61 2171 114 2193 tori
138 2171 292 2196 habt-udae.

328 192 416 233 474

505 199 617 234 Ratio
645 198 847 234 studiorum
873 202 911 234 et
937 198 1190 235 institutiones
1217 198 1462 234 scholasticae
1487 197 1681 233 Societatis
1707 198 1798 234 Jesu
1821 199 1859 233 II

327 319 410 361 bus
448 322 625 370 tenent3
673 317 721 359 in
762 317 938 359 actibus
983 332 1090 360 vero
1137 322 1181 360 et
1222 317 1321 359 aliis
1365 315 1726 358 conclusionibus
1765 316 2055 359 defendendis

331 393 543 432 consueta
574 388 691 430 ratio
721 392 942 433 teneatur.

472 459 516 506 2.
579 459 749 501 Visitet
780 459 967 516 proinde
1000 474 1129 516 saepe
1166 458 1470 516 repetitiones,
1516 473 1638 500 nunc
1676 458 1756 500 has
1787 472 1908 500 nunc
1939 458 2054 513 illas,

325 531 581 586 videatque,
622 533 674 572 ut
712 530 955 585 diligenter
994 545 1045 572 ac
1083 530 1282 572 modeste
1315 529 1442 583 fiant,
1488 532 1532 571 et
1562 532 1614 571 ut
1644 530 1904 585 repetitores
1935 533 2055 571 recte

327 618 405 645 suo
440 601 586 644 officio
619 602 885 657 fungantur,
919 615 1029 656 quos
1062 600 1210 654 etiam,
1242 605 1294 642 ut
1327 600 1589 657 oportuerit,
1623 599 1804 655 diriget.

471 696 514 743 3.
577 697 681 738 Non
720 696 804 737 erit
848 695 950 737 abs¹
982 710 1028 736 re
1059 709 1131 737 eos
1172 695 1366 737 exerceri
1407 694 1582 751 saepius
1624 709 1758 751 quam
1800 694 1931 749 alios,
1978 695 2056 750 qui

324 768 527 824 proxime
568 771 673 809 sunt
714 781 891 808 cursum
932 765 1249 822 Philosophiae
1287 766 1359 808 vel
1406 765 1680 821 Theologiae
1719 765 1943 807 defensuri
1982 765 2055 807 vel

324 839 521 894 aliquem
564 837 834 880 Academiae
874 841 1027 879 actum
1067 836 1283 891 habituri,
1330 851 1441 893 quos
1481 837 1618 879 etiam
1657 836 1713 878 ad
1753 836 1874 879 hunc
1905 836 2054 891 finem,

324 915 376 952 ut
408 909 717 952 instructiores
750 908 853 962 sint,
886 907 1092 950 monebit
1124 912 1169 950 et
1204 908 1384 963 diriget.

472 981 516 1027 4.
581 981 694 1022 Cum
712 979 845 1034 socio,
868 978 905 1020 si
923 994 948 1020 a
964 979 1155 1021 Rectore
1176 979 1375 1034 dabitur,
1396 979 1462 1021 ita
1477 979 1646 1036 poterit
1664 993 1817 1021 curam
1838 978 2056 1020 laborem-

327 1068 411 1108 que
432 1051 604 1108 partiri,
631 1055 682 1092 ut
699 1050 753 1104 ei,
773 1049 863 1091 nisi
879 1049 988 1105 quid
1005 1051 1166 1104 obstet,
1189 1050 1462 1106 Theologiae
1480 1049 1768 1106 repetitiones
1788 1049 2055 1104 committat,

327 1129 371 1165 et
392 1139 493 1165 cum
514 1137 578 1176 eo,
612 1122 650 1164 si
681 1121 924 1176 videbitur,
958 1122 1144 1163 alternis
1177 1121 1348 1175 diebus,
1371 1121 1635 1177 praesertim
1666 1121 1935 1175 vacationis,
1968 1120 2056 1162 dis-

324 1193 642 1250 putationibus
673 1192 941 1250 praesideat,
987 1197 1248 1248 caeteraque
1286 1207 1365 1249 per
1396 1206 1498 1234 eum
1532 1192 1586 1234 ad
1627 1192 1914 1248 quotidianas
1953 1207 2057 1234 con-

325 1265 546 1307 clusiones
578 1268 622 1306 et
653 1263 1034 1306 extraordinarios
1067 1267 1191 1306 actus
1224 1264 1489 1321 spectantia,
1521 1268 1655 1321 prout
1686 1278 1861 1307 necesse
1879 1263 2055 1320 judica-

324 1336 454 1391 verit,
488 1340 746 1392 exequatur.

917 1551 1134 1616 Regulae
1172 1551 1470 1601 Academiae

702 1634 1027 1698 Rhetorum
1073 1635 1133 1696 et
1175 1633 1713 1697 Η11111111118111111111.2

463 1742 503 1788 1.
568 1742 740 1783 Diebus
781 1741 1035 1783 Dominicis
1079 1741 1188 1798 vel,[

322 1815 400 1857 ubi
416 1814 694 1857 commodius
715 1814 812 1869 erit,
831 1814 901 1855 die
915 1813 1168 1855 vacationis

321 1886 591 1927 convenient
631 1885 728 1926 loco
773 1900 799 1926 a
839 1885 1032 1926 Rectore
1069 1885 1168 1927 Col-

320 1957 431 2013 legii
462 1956 714 2011 designato.

463 2098 507 2145 2.
541 2098 1168 2154 ExercitationeshujusAca-

321 2172 492 2214 derniae
514 2171 598 2213 hae
615 2170 705 2212 fere
729 2175 878 2212 erunt:
898 2170 1169 2224 Moderator,

880 2241 1169 2296 judicaverit,

319 2327 439 2354 nunc
490 2313 702 2354 lectiones
756 2328 833 2354 seu
887 2312 1170 2367 quaestiones

319 2248 454 2298 prout
516 2246 820 2299 opportunum

321 2383 506 2425 habebit
531 2384 583 2425 de
607 2384 769 2425 selecta
793 2383 946 2438 aliqua
979 2383 1169 2424 materia

319 2455 392 2495 vel
427 2460 628 2508 auctore3
671 2470 791 2496 nunc
822 2459 1059 2511 praecepta
1091 2454 1170 2495 ali-

320 2541 407 2580 qua
445 2526 624 2568 dicendi
664 2527 807 2581 magis
844 2525 1078 2567 recondita
1116 2541 1168 2567 ex

320 2597 580 2650 Aristotele,
616 2597 829 2639 Cicerone
861 2597 1019 2639 aliisve
1052 2597 1170 2638 Rhe-

319 2668 492 2709 toribus
555 2668 725 2718 tradet3
789 2684 911 2710 nunc
973 2668 1169 2723 aliquem

320 2744 547 2780 auctorem
580 2745 804 2794 percurret
836 2744 880 2781 et
913 2740 968 2781 ab
1000 2740 1171 2781 Acade-

320 2810 446 2851 micis
478 2809 640 2864 exiget,
675 2824 794 2850 1111116
817 2809 976 2851 iisdem
998 2810 1171 2866 proble-

319 2886 441 2922 mata
481 2881 700 2922 solvenda
738 2886 958 2937 proponet
997 2886 1041 2922 et
1082 2881 1171 2922 alia

320 2951 589 3006 hujusmodi.

467 3046 476 3064 ¹
504 3057 549 3079 m.
580 3046 678 3085 „abf‘

1350 1739 1390 1786 l.
1445 1740 1659 1790 Qualibet
1678 1741 1959 1784 hebdomada
1980 1745 2059 1783 aut

1208 1812 1275 1852 bis
1292 1812 1452 1854 saltem
1468 1812 1517 1854 in
1534 1826 1685 1853 mense
1697 1812 1968 1855 convenient
1986 1811 2058 1854 die

1208 1887 1252 1924 et
1267 1883 1366 1925 loco
1379 1898 1404 1925 a
1415 1884 1607 1925 Rectore
1618 1883 1797 1939 collegii
1808 1883 2056 1939 designato,

1207 1959 1438 2010 praesente
1473 1968 1643 2011 semper
1676 1954 1928 1997 academiae
1960 1955 2056 1997 Μο-

1208 2025 1424 2070 (leratore.

1351 2095 1396 2142 2.
1458 2097 1731 2140 Academiae
1746 2097 1880 2154 hujus
1895 2096 2058 2140 exerci-

1208 2168 1415 2222 tationes,
1456 2183 1569 2224 quae
1607 2183 1687 2225 pro
1719 2169 2058 2226 opportunitate

1209 2239 1377 2281 variari
1399 2240 1575 2294 debent,
1608 2240 1690 2282 hae
1714 2240 1806 2282 fere
1830 2245 1982 2284 erunt:
2019 2244 2058 2285 1.

1209 2311 1410 2365 Legatur
1467 2311 1639 2366 aliquid
1698 2311 1751 2352 de
1812 2311 2058 2368 praeceptis

1207 2382 1352 2435 magis
1398 2382 1641 2424 reconditis
1686 2382 1934 2424 rhetoricae
1986 2383 2058 2424 vel

1208 2453 1372 2508 poesis:
1407 2458 1504 2495 tum
1527 2454 1645 2495 circa
1665 2469 1717 2495 ea
1737 2453 1959 2509 quidquid
1980 2468 2058 2495 no-

1208 2523 1376 2565 taverit
1418 2537 1497 2579 pro
1530 2538 1609 2565 suo
1648 2523 1837 2579 quisque
1874 2523 2057 2579 ingenio

1209 2594 1421 2650 proferat,
1456 2594 1605 2636 allatis
1627 2595 1764 2637 etiam
1788 2610 1843 2637 ex
1866 2595 2058 2637 auctori-

1208 2666 1291 2707 bus
1310 2666 1526 2721 exemplis
1548 2666 1804 2723 hujusmodi
1821 2670 2059 2724 praecepta

1207 2737 1557 2779 illustrantibus.
1602 2764 1652 2768 -
1697 2741 1735 2782 2.
1774 2738 2056 2780 Declamatio

1209 2808 1289 2848 fiat
1305 2822 1358 2848 ex
1371 2808 1705 2851 oratoribusvel
1716 2808 1859 2865 poetis
1878 2808 2055 2850 desum-

1189 2870 1303 2934 pta,
1331 2894 1465 2934 quam
1489 2885 1735 2936 sequantur
1754 2880 1945 2921 aliorum
1977 2880 2055 2921 ob-

1212 2950 1494 2994 servationes
1527 2951 1643 2993 circa
1663 2965 1830 3004 vocem,
1864 2954 2054 3005 gestum,

465 3105 477 3123 ²
504 3116 553 3149 pr.
586 3104 824 3146 „Rhetoricae
853 3112 891 3139 et
916 3105 1172 3140 Humanitatis
1198 3105 1451 3140 Auditorum&
