2148 3402
655 189 699 223 R.
714 191 758 224 st.
779 189 879 223 1586.
928 186 1221 231 Disputationes.
1702 176 1784 218 103

93 308 280 351 tandem
319 308 613 364 Theologiam
656 322 748 350 non
794 311 888 349 tam
934 306 983 348 in
1026 304 1241 347 memoria
1288 309 1421 360 atque
1464 305 1784 362 intelligentia,

93 394 229 435 quam
260 378 308 421 in
340 379 467 421 libris
499 378 761 437 papyraceis
791 377 1084 419 reconditam.
1148 375 1507 418 Constitutiones
1540 392 1646 419 vero
1669 378 1782 419 nihi]

91 450 275 506 gravius
306 449 637 504 commendant,
679 463 814 505 quam
846 447 1180 505 disputationes
1212 461 1452 502 earumque
1484 446 1784 502 frequentiam

93 524 139 562 et
178 521 506 576 assiduitatem3
556 524 827 576 tantumque
860 519 908 561 in
938 519 993 575 ijs
1025 517 1242 560 momenti
1281 532 1373 559 esse
1405 522 1590 574 putant,
1636 522 1687 559 ut
1729 534 1783 559 ne

94 591 412 634 humaniorum
465 592 645 648 quidem
698 590 934 633 literarum
997 593 1041 631 et
1094 588 1418 645 grammaticae
1464 588 1688 630 studiosos
1730 589 1785 644 ijs

92 677 240 705 carere
276 663 533 722 patianltur.
597 663 781 719 Semper
825 675 931 704 vero
977 660 1066 703 viri
1109 675 1269 716 graves
1317 659 1402 701 sibi
1448 664 1778 716 persuaserunt,
1801 680 1902 710 p.130.

93 733 265 776 addisci
296 734 636 791 Philosophiam
675 748 727 775 ac
760 732 1079 788 Theologiam,
1118 746 1210 773 non
1243 736 1337 773 tam
1371 730 1608 785 audiendo,
1650 745 1786 786 quam

93 805 379 862 disputando.
441 805 543 847 Illic
573 804 694 846 enim
723 805 1022 846 certissimum
1050 803 1102 845 fit
1129 802 1405 860 periculum,
1437 805 1659 857 quantum
1687 801 1787 857 quis

92 877 325 932 intelligat
371 891 442 931 ea,
491 890 604 932 quae
650 875 808 918 scribit
855 880 933 919 aut
976 875 1122 917 docet:
1181 877 1225 916 et
1272 876 1446 929 quanta
1493 872 1551 914 sit
1595 872 1787 915 firmitas

92 947 374 1004 priuatarum
432 947 787 1004 cogitationum,
853 962 954 989 cum
1015 960 1107 988 non
1159 959 1261 986 raro
1317 959 1431 1000 quae
1483 943 1790 1001 splendescere

91 1018 307 1061 videntur
345 1018 394 1060 in
433 1018 652 1073 cubiculo,
691 1018 904 1060 sordeant
943 1017 991 1060 in
1030 1016 1323 1059 Scholasticis
1363 1015 1784 1058 concertationibus.

91 1089 218 1132 Tunc
249 1091 399 1145 etiam,
433 1090 541 1132 dum
563 1089 618 1132 ab
642 1089 897 1132 aduersario
917 1089 1174 1147 premimur,
1208 1087 1414 1143 cogimur
1441 1101 1592 1129 omnes
1613 1086 1784 1142 ingenij

90 1175 253 1204 nervos
294 1161 539 1216 intendere,
582 1165 626 1203 et
661 1162 875 1219 pleraque
906 1165 1018 1203 tunc
1050 1158 1341 1202 extundimus
1372 1158 1640 1213 urgentibus
1672 1157 1787 1213 alijs,

95 1246 208 1288 quae
238 1232 288 1274 in
319 1232 411 1274 otio
444 1236 579 1288 atque
610 1233 770 1275 vmbra
800 1247 1034 1289 nunquam
1053 1231 1281 1274 venissent
1306 1230 1354 1271 in
1383 1234 1595 1271 mentem.
1644 1229 1788 1270 Audi-

92 1317 193 1345 mus
240 1303 431 1346 aliorum
477 1303 687 1358 inuenta,
735 1318 849 1360 quae
898 1308 977 1345 aut
1022 1303 1167 1345 lucem
1216 1301 1415 1357 aliquam
1461 1300 1593 1342 rebus
1639 1300 1788 1356 dubijs

94 1373 302 1431 afferunt,
336 1379 416 1417 aut
437 1375 561 1418 viam
590 1375 800 1432 aperiunt
832 1375 888 1417 ad
921 1374 1096 1430 aliquid
1129 1373 1253 1415 aliud
1287 1372 1658 1427 excogitandum,
1694 1376 1785 1426 aut,

93 1445 132 1487 si
170 1446 321 1489 minus
362 1446 566 1503 placent,
605 1446 846 1504 perspectis
887 1445 1129 1502 aduersarij
1171 1444 1370 1500 effugijs,
1423 1447 1467 1485 et
1503 1443 1558 1499 ijs
1600 1447 1788 1500 possunt

95 1532 324 1560 occurrere
344 1517 536 1573 facilius,
572 1521 616 1559 et
637 1522 791 1560 nostra
810 1517 984 1559 firmius
1007 1516 1302 1559 communire:
1337 1515 1573 1557 obseruare
1600 1518 1789 1571 possunt

95 1592 140 1630 et
178 1588 417 1644 auditoreS,
464 1589 573 1645 quid
620 1589 728 1632 boni
771 1589 870 1645 iste,
920 1588 1030 1645 quid
1075 1588 1152 1630 ille
1198 1588 1470 1643 Praeceptor
1518 1585 1696 1639 afferat,
1743 1589 1788 1626 et

94 1660 298 1716 exemplo
331 1660 563 1703 doctorum
595 1675 687 1703 sese
720 1665 890 1704 acuunt
922 1660 979 1702 ad
1000 1673 1214 1717 pugnam,
1249 1657 1674 1711 animaduertenteS,
1706 1656 1788 1698 vbi

95 1731 350 1773 claudicent
381 1736 671 1788 argumenta:
711 1747 825 1788 quae
858 1730 1171 1773 distinctiones
1204 1733 1479 1786 opportunae
1511 1728 1626 1781 sint;
1677 1742 1787 1783 quo-

93 1802 227 1844 modo
251 1803 563 1861 Praeceptoris
597 1803 804 1845 doctrina
825 1802 1058 1845 subsistat.
1123 1801 1328 1843 Tandem
1347 1804 1392 1841 et
1415 1799 1788 1856 grauissimorum

93 1873 294 1915 virorum
313 1873 482 1917 iudicio
507 1879 551 1916 et
573 1874 881 1932 experimento
910 1873 1242 1930 comprobatur,
1266 1871 1622 1929 disputationem
1650 1885 1787 1913 vnam

93 1944 195 2001 plus
232 1945 450 2001 prodesse,
492 1960 628 2002 quam
667 1945 882 1988 lectiones
919 1945 1108 1998 multas3
1157 1948 1472 2001 praeterquam
1512 1941 1632 1998 quod
1672 1941 1788 1983 nihil

94 2015 171 2070 sit,
216 2016 338 2072 quod
374 2021 550 2059 nostras
582 2017 758 2060 scholas
790 2016 935 2073 magis
965 2016 1192 2058 illustrare
1223 2014 1381 2072 possit,
1424 2028 1559 2070 quam
1591 2013 1629 2054 si
1661 2012 1788 2054 audi-

93 2090 211 2129 tores
242 2087 305 2129 sic
335 2088 639 2143 instituamus,
678 2092 730 2132 vt
768 2088 817 2130 in
848 2087 1041 2145 publicis
1074 2086 1376 2129 conuentibus
1415 2089 1459 2127 et
1492 2083 1786 2126 concertatio-

94 2158 228 2201 nibus
269 2174 482 2216 magnam
515 2160 801 2202 audientium
832 2163 1046 2202 moueant
1077 2158 1453 2215 approbationem
1486 2160 1530 2198 et
1560 2156 1784 2212 plausum.

95 2229 159 2272 Vt
190 2235 341 2273 autem
373 2232 723 2289 disputationes,
764 2246 876 2288 quae
916 2231 1059 2272 iacere
1091 2229 1320 2283 videntur,
1353 2229 1402 2270 in
1432 2228 1664 2270 meliorem
1696 2225 1787 2267 for-

95 2315 215 2343 mam
262 2318 313 2345 ac
357 2304 640 2361 splendorem
684 2303 948 2356 excitentur,
1000 2301 1146 2342 multa
1196 2303 1373 2357 praesto
1424 2302 1529 2341 sunt
1573 2296 1783 2350 remedia,

96 2372 172 2415 sed
199 2378 205 2428 Ι
233 2389 345 2430 quae
376 2376 528 2418 omnia
558 2375 707 2433 posita
737 2374 830 2416 sint
860 2373 909 2414 in
942 2371 1232 2429 Superiorum
1264 2370 1517 2423 sedulitate,
1557 2370 1654 2425 qui,
1697 2368 1786 2409 nisi
1808 2384 1894 2416 μω]

95 2444 143 2486 in
174 2444 292 2487 hanc
322 2460 415 2488 rem
446 2446 558 2488 serio
590 2446 858 2489 incumbant
890 2443 1065 2499 sibique
1097 2442 1419 2499 persuadeant,
1458 2441 1566 2483 hinc
1608 2455 1786 2483 omnem

94 2514 295 2558 fructum
341 2521 385 2559 et
422 2517 802 2560 existimationem
840 2515 1095 2558 scholarum
1141 2517 1397 2555 nostrarum
1443 2511 1647 2569 pendere,
1696 2511 1787 2553 effi-

98 2587 239 2629 cietur
276 2588 411 2645 plane
449 2589 587 2644 nihil,
626 2588 761 2631 etiam
801 2587 838 2628 si
874 2586 928 2628 de
959 2600 1011 2627 ea
1042 2600 1089 2627 re
1119 2585 1232 2627 bene
1264 2583 1582 2626 constituenda
1613 2583 1782 2624 multae

97 2657 217 2714 leges
249 2663 327 2700 aut
354 2663 589 2716 praecepta
608 2659 875 2701 scribantur.
936 2657 1095 2712 Itaque
1127 2656 1328 2713 proderit
1357 2656 1552 2713 primo,
1586 2655 1623 2696 si
1646 2655 1786 2710 Supe-

96 2729 234 2771 riores
279 2729 537 2786 frequenter
575 2730 785 2772 intersint
822 2728 1209 2785 disputationibus
1245 2727 1440 2785 priuatis
1485 2730 1530 2767 et
1570 2724 1785 2782 publicis:

99 2801 355 2856 obseruent,
388 2801 551 2856 quibus
583 2801 727 2844 causis
757 2800 931 2842 fructus
963 2799 1097 2841 huius
1129 2797 1465 2841 exercitationis
1496 2796 1784 2853 impediatur:

99 2872 329 2928 corrigant
368 2887 481 2928 quae
520 2871 785 2928 corrigenda
823 2876 949 2914 sunt:
998 2870 1257 2912 collaudent
1295 2873 1524 2911 strenuam
1562 2882 1613 2908 ea
1651 2867 1700 2907 in
1739 2880 1786 2906 re

100 2957 280 3000 operam
325 2942 626 3000 quorundam3
678 2943 868 2985 aliorum
910 2941 1188 2997 redarguant
1230 2940 1501 2983 socordiam:
1550 2936 1785 2995 perficiant

100 3013 308 3070 denique,
348 3018 400 3056 vt
436 3013 698 3069 intelligant
739 3027 913 3067 omnes,
955 3027 1055 3054 cum
1093 3011 1249 3068 primis
1281 3026 1380 3052 eam
1411 3025 1505 3051 rem
1537 3008 1623 3049 sibi
1656 3020 1786 3048 curae

101 3099 203 3128 esse.
267 3084 397 3135 Quod
432 3084 469 3126 si
506 3083 607 3141 alijs
637 3083 832 3140 negotijs
861 3083 1069 3140 impediti
1099 3082 1210 3124 haec
1248 3097 1326 3139 per
1358 3096 1402 3123 se
1439 3083 1665 3138 praestare
1695 3090 1788 3118 non
