2148 3402
456 179 498 213 R.
528 182 571 213 st.
604 179 703 213 1586.
753 177 1052 213 Exercitationes
1080 175 1144 213 lat.
1171 180 1210 211 et
1236 187 1358 220 graec.
1691 164 1773 206 169

76 299 272 342 voluerit
290 313 344 340 ex
362 297 594 339 omnibus:
617 301 661 339 et
677 296 826 352 siquid
845 295 1019 338 fraudis
1032 294 1399 350 negligentiaeve
1414 292 1775 349 deprehenderit,

76 371 125 412 id
158 384 264 412 vero
287 368 562 425 impunitum
594 384 686 411 non
718 368 938 410 dimittat.
987 366 1197 408 Proderit
1229 366 1366 407 etiam
1388 364 1560 420 aliquid
1594 362 1777 405 honoris

76 446 155 484 aut
171 440 405 497 praemioli
425 441 695 483 constituere
717 439 783 495 ijs,
817 438 894 494 qui
907 439 955 480 in
978 437 1335 480 aduersariorum
1358 436 1514 478 erratis
1535 435 1776 476 obseruan-

77 513 145 554 dis
176 528 226 554 ac
258 512 439 568 publice
477 512 717 568 prodendis
748 512 938 553 acriores
969 526 1013 552 se
1045 509 1386 564 solertioresque
1418 506 1721 563 praebuerint.

219 586 258 628 5.
292 584 432 626 Initio
464 584 720 626 scholarum
751 583 1025 625 matutinam
1057 597 1209 635 mane,
1248 578 1551 635 vespertinam
1585 578 1779 634 Vespere

76 656 313 697 lectionem
334 655 463 711 pueri
484 654 676 697 reddant
693 655 950 697 memoriter
966 651 1318 696 Decurionibus:
1339 651 1401 691 Hi
1418 664 1523 691 vero
1540 648 1777 704 Magistro,

77 726 153 782 qui
186 729 275 767 tres
307 729 559 781 quatuorve
592 742 645 768 ex
678 726 778 782 alijs
811 728 947 768 etiam
979 725 1136 768 audiat
1168 738 1342 781 semper
1370 723 1427 764 ad
1457 719 1779 779 explorandam

78 798 211 840 fidem
244 797 565 839 Decurionum.

220 873 259 913 6.
291 869 467 912 Vacent
482 874 660 911 strenue
678 869 883 925 partibus
903 869 1133 923 orationis,
1150 866 1428 919 Praeteritis,
1448 864 1647 921 Supinis,
1666 863 1783 919 Syn-

77 946 234 983 taxeos
266 941 514 998 praeceptis
544 940 854 995 intelligendis
887 944 1021 996 atque
1042 939 1313 992 ediscendis3
1346 936 1510 980 Verbis
1533 935 1671 977 etiam
1691 935 1782 976 No-

79 1013 365 1068 minibusque
397 1012 643 1054 flectendis
705 1012 804 1053 Hae
837 1027 956 1066 vero,
991 1027 1104 1068 quae
1134 1011 1227 1053 iam
1259 1010 1514 1052 didicerant
1552 1008 1600 1048 in
1633 1004 1782 1047 classi-

78 1084 162 1126 bus
192 1083 492 1138 inferioribus,
525 1099 788 1126 conseruare
821 1083 1053 1128 studeant:
1087 1097 1225 1139 quare
1252 1082 1301 1123 in
1322 1079 1536 1123 thematis
1557 1076 1782 1120 dictandis

80 1155 254 1211 aliquid
276 1170 449 1211 semper
468 1155 793 1212 interponatur,
816 1155 937 1211 quod
958 1154 1194 1213 pertilneat
1217 1153 1274 1195 ad
1289 1151 1535 1208 Syntaxim
1557 1148 1782 1191 inferioris

80 1227 271 1280 scholae,
304 1242 359 1268 ne
391 1227 502 1268 bene
534 1231 665 1283 parta
696 1242 775 1283 per
806 1226 1148 1268 desuetudinem
1175 1226 1450 1268 dilabantur.
1497 1223 1552 1264 In
1575 1220 1784 1263 omnibus

81 1298 216 1340 etiam
252 1298 587 1340 Grammaticae
619 1298 782 1340 scholis
821 1313 963 1340 Vnum
1002 1302 1081 1340 aut
1122 1298 1314 1339 alterum
1346 1294 1549 1351 quotidie
1581 1292 1784 1336 Verbum

82 1370 361 1425 coniungetur,
395 1384 525 1411 suum
557 1369 760 1425 quolibet
793 1385 929 1426 puero
961 1374 1139 1427 tempus
1160 1368 1385 1410 reddente.
1438 1365 1627 1421 Aliquid
1648 1363 1785 1405 etiam

82 1440 342 1495 Nominum,
375 1441 743 1495 Praeteritorum,
778 1442 1055 1498 Supinorum
1086 1441 1307 1496 exigatur.
1355 1440 1454 1490 Qua
1484 1437 1660 1479 ratione
1684 1449 1788 1476 con-

83 1512 255 1554 suletur
286 1512 422 1554 etiam
455 1512 529 1568 ijs,
562 1513 640 1568 qui
680 1513 737 1555 ad
777 1518 955 1555 nostras
992 1513 1166 1555 scholas
1202 1511 1312 1553 noui
1353 1509 1586 1563 accedunt,
1619 1506 1788 1549 versati

83 1583 265 1638 quidem
298 1583 346 1625 in
375 1584 510 1640 paulo
543 1584 848 1641 superioribus
878 1584 1212 1628 Grammaticae
1239 1581 1502 1639 praeceptis,
1536 1579 1611 1621 sed
1637 1577 1787 1633 ignari

84 1654 175 1696 fere
207 1655 578 1697 Declinationum
611 1659 656 1697 et
687 1656 1096 1712 Coniugationum:
1130 1669 1403 1710 quamquam
1435 1652 1465 1708 ij
1495 1651 1552 1693 ad
1573 1651 1787 1701 scholam,

84 1725 122 1767 si
153 1741 241 1782 qua
273 1727 331 1768 sit
363 1727 420 1768 ad
454 1727 775 1770 declinandum
813 1732 859 1769 et
904 1727 1242 1782 coniugandum
1288 1724 1521 1777 instituta,
1574 1719 1786 1764 mittendi

85 1802 250 1841 essent:
286 1798 418 1854 vnde,
453 1814 555 1841 cum
587 1799 784 1856 primum
816 1798 906 1840 ista
953 1797 1221 1852 didicerint,
1266 1795 1533 1848 ascendant,
1573 1808 1665 1835 non
1712 1807 1788 1833 ex-

86 1873 267 1925 pectata
311 1870 592 1926 promotione
626 1870 867 1912 communi.

230 1944 268 1984 7.
302 1942 356 1982 In
396 1941 578 1996 scholiS,
628 1957 740 1998 quae
778 1941 912 1983 huius
942 1940 1006 1982 rei
1047 1955 1233 1996 capaces
1275 1942 1536 1991 censentur,
1576 1951 1670 1978 non
1701 1934 1791 1976 nisi

87 2012 248 2054 Latine
270 2013 398 2068 loqui
417 2013 636 2055 Doctores
658 2016 904 2069 oporteret:
939 2011 1299 2053 animaduertere
1321 2010 1459 2052 etiam
1479 2009 1528 2050 in
1549 2007 1790 2055 auditores,

87 2083 124 2124 si
158 2085 398 2126 vernacula
428 2084 588 2139 lingua
619 2088 823 2137 vtantur,
856 2083 964 2125 data
994 2083 1155 2124 notula
1186 2083 1281 2125 siue
1319 2081 1541 2135 catenula,
1573 2079 1702 2122 cuius
1735 2077 1791 2119 ad

88 2156 223 2196 finem
254 2155 431 2197 scholae
463 2156 579 2197 ratio
613 2157 822 2210 exigatur
853 2159 948 2196 tam
981 2154 1350 2196 antemeridianis
1383 2168 1518 2209 quam
1549 2149 1791 2208 pomeridi-

89 2226 185 2268 anis
223 2226 359 2271 horis.
422 2228 477 2268 In
516 2243 719 2269 sermone
756 2242 933 2283 quoque
978 2226 1223 2268 domestico
1262 2226 1531 2267 Nostrorum
1580 2223 1699 2264 inter
1746 2235 1791 2262 se

88 2298 440 2341 incumbendum
472 2300 624 2341 sedulo
657 2303 771 2341 esset
792 2300 840 2340 in
861 2297 1140 2340 restituendo
1162 2296 1488 2351 retinendoque
1505 2310 1590 2338 vsu
1609 2294 1794 2349 linguae

89 2370 295 2424 Latinae,
329 2386 461 2426 quem
495 2375 729 2427 tantopere
762 2369 1082 2412 commendant
1115 2369 1489 2421 ConstitutioneS,
1523 2371 1568 2409 et
1606 2380 1694 2423 quo
1726 2364 1794 2405 in-

92 2441 249 2496 digent
286 2441 529 2483 admodum
568 2442 820 2484 ministeria
860 2441 1101 2483 Societatis
1144 2444 1188 2481 et
1234 2440 1473 2482 nationum
1520 2437 1791 2480 communio.

90 2512 366 2553 Instituendi
398 2513 611 2555 videntur
643 2513 737 2555 eius
768 2514 833 2555 rei
865 2515 1078 2556 Censores
1111 2515 1156 2553 et
1194 2511 1522 2568 poenitentiae,
1557 2514 1610 2552 vt
1641 2522 1793 2549 earum

92 2582 343 2638 frequentia
382 2598 518 2640 prope
557 2585 823 2640 quotidiana
855 2586 1042 2628 Nostros
1082 2583 1129 2624 in
1168 2583 1314 2624 officio
1357 2582 1601 2635 contineat,
1633 2593 1795 2634 eosque

93 2670 184 2696 non
216 2655 361 2697 solum
394 2671 420 2696 a
452 2670 656 2697 sermone
678 2656 860 2711 vulgari
893 2662 1065 2709 auocet,
1104 2656 1230 2698 seda
1261 2654 1454 2696 barbara
1486 2666 1663 2707 quoque
1694 2648 1796 2691 lati-

92 2725 251 2779 nitate,
285 2741 421 2780 quam
452 2726 663 2768 affectare
688 2728 902 2769 videntur
921 2728 1163 2770 interdum.
1206 2727 1332 2768 Hora
1352 2725 1488 2767 etiam
1507 2721 1795 2765 recreationis

95 2796 250 2837 Latini
282 2798 499 2838 sermonis
530 2796 751 2839 habeatur
781 2799 910 2853 ratio,
944 2803 1078 2855 prout
1113 2798 1372 2855 Superiores
1412 2793 1794 2852 praescripserint,

1806 1163 1906 1197 p.247.

96 2881 197 2908 cum
238 2867 355 2908 nihil
383 2868 388 2923 l
416 2867 465 2908 in
506 2883 741 2910 commune
778 2870 921 2925 possit
961 2885 1012 2911 ea
1051 2870 1105 2911 de
1145 2884 1190 2910 re
1229 2868 1420 2910 decerni.
1484 2867 1616 2919 Nam,
1647 2863 1794 2905 Pestis
1837 2878 1870 2901 ‚2
1902 2880 1905 2884 ·

97 2941 140 2978 et
161 2938 489 2980 Vacationibus
512 2939 722 2995 exceptis,
754 2944 985 2996 praeterea
1006 2955 1251 2996 nunquam,
1283 2954 1340 2981 ne
1371 2938 1483 2980 hora
1514 2935 1691 2992 quidem
1726 2947 1794 2974 re-

98 3008 358 3064 creationis,
397 3024 422 3050 a
463 3009 630 3051 Latino
669 3025 873 3052 sermone
910 3010 1125 3054 videntur
1163 3009 1391 3051 eximendi
1430 3007 1507 3063 qui
1545 3007 1717 3060 degunt
1747 3003 1795 3043 in

99 3078 309 3136 Collegijs
326 3079 648 3137 Transalpinis,
681 3085 861 3138 propter
882 3082 1200 3124 commercium
1231 3080 1470 3123 nationum
1494 3075 1794 3131 dissimilium,
