2153 3467
215 1132 319 1164 p.129.

342 149 428 191 496

532 158 643 195 Ratio
671 159 875 195 studiorum
900 164 938 195 et
963 159 1217 195 institutiones
1242 159 1483 196 scholasticae
1510 158 1708 195 Societatis
1734 161 1823 197 Jesu
1846 160 1885 196 11

341 277 419 333 qui
450 281 599 334 potest
630 277 830 320 accidere
862 282 987 335 tuno,
1022 280 1202 337 quando
1234 295 1313 337 pro
1343 294 1469 336 prae-

338 348 428 389 mio
481 347 714 401 scribitur,
777 353 820 391 et
872 351 1008 406 alter,
1073 352 1151 408 qui
1203 356 1301 393 toto
1353 365 1470 393 anno

338 418 428 460 fuit
457 419 706 474 negligens,
740 420 820 462 uix
841 421 959 464 forte
991 423 1109 464 inter
1130 422 1371 464 mediocres
1394 422 1468 463 de-

338 494 546 545 putatus,
597 495 692 532 erat
739 491 793 533 ad
835 492 919 534 hoc
966 494 1104 534 etiam
1155 493 1470 548 immorigerus

337 560 626 617 praeceptori,
660 562 835 604 auferat
865 565 1118 620 praemium
1139 579 1240 606 cum
1272 564 1469 606 maximo

337 630 504 673 honore
544 645 694 674 coram
733 637 803 674 tot
841 633 1095 676 illustribus
1131 635 1351 691 personis,
1392 635 1469 690 qui

337 701 385 743 in
417 702 499 744 tali
533 707 635 744 actu
658 703 802 745 solent
834 704 1004 759 adesse;
1039 706 1118 761 qui
1150 705 1264 748 sicut
1295 706 1467 748 nullam

336 773 531 828 gratiam
561 774 733 827 referet,
775 775 841 816 ita
879 779 1085 832 sumptus
1117 780 1236 818 certe
1268 791 1347 818 suo
1380 777 1468 819 fine

336 844 579 886 frustratur
610 850 653 886 et
685 845 909 901 perditur,
950 847 1069 903 quod
1100 847 1191 890 iarn
1231 848 1470 904 aliquoties

336 915 610 971 experientia
657 916 830 967 docuit,
878 917 955 959 sed
1002 923 1154 960 tamen
1200 935 1292 962 non
1333 920 1469 962 etiam

337 986 666 1041 existimamus,
709 988 985 1044 scriptionis,
1026 1005 1139 1045 quae
1179 1005 1229 1032 60
1269 995 1471 1048 tempore

339 1061 404 1098 est
435 1057 651 1112 exhibita,
684 1059 866 1114 quando
897 1074 976 1116 pro
1008 1062 1207 1117 praemio
1241 1062 1467 1104 scribeba-

344 1132 430 1182 tur,
454 1142 546 1169 non
574 1133 579 1178 l
609 1144 701 1170 esse
734 1129 989 1173 habendam
1020 1132 1301 1188 potissimam
1332 1133 1470 1175 ratio-

338 1213 453 1240 nem.
515 1200 602 1241 Est
647 1200 767 1242 enim
800 1201 1040 1258 potissima
1085 1203 1200 1245 ratio
1251 1204 1472 1259 habenda,

334 1284 440 1310 nam
471 1270 571 1312 ideo
610 1285 689 1328 pro
729 1272 926 1328 praemio
959 1273 1190 1339 scribitur3
1241 1275 1319 1317 sed
1352 1275 1472 1331 quod

333 1340 425 1382 sint
457 1341 595 1383 etiam
628 1342 731 1397 alia,
764 1358 879 1399 quae
914 1344 1093 1387 laudem
1125 1345 1313 1400 habent,
1347 1351 1391 1388 et
1423 1347 1471 1388 in

331 1411 494 1453 scholis
515 1413 679 1455 nostris
704 1415 1015 1471 attenduntur,
1039 1431 1131 1459 non
1147 1431 1327 1473 prorsus
1353 1418 1470 1459 inter

331 1481 627 1526 iudicandum
659 1485 955 1541 excludenda,
989 1492 1040 1528 vt
1073 1488 1107 1529 si
1132 1492 1262 1530 tanta
1285 1488 1469 1546 impari-

329 1560 398 1595 tas
431 1559 544 1596 esset
575 1555 624 1597 in
666 1557 875 1611 caeteris,
920 1559 995 1600 uel
1026 1573 1226 1614 morum,
1259 1560 1332 1601 uel
1365 1559 1467 1602 doc-

326 1624 472 1667 trinae
505 1625 622 1668 inter
642 1627 767 1681 alios,
801 1629 953 1684 potius
985 1629 1156 1671 iterum
1179 1630 1466 1674 scribendum

330 1697 435 1751 erit,
483 1698 555 1739 uel
596 1699 904 1755 Praeceptoris
956 1701 1184 1743 sententia
1238 1702 1464 1758 standum,

332 1783 468 1824 quam
507 1773 559 1811 vt
598 1768 827 1825 indoctus,
876 1772 950 1813 uel
989 1777 1227 1829 corruptus
1266 1775 1466 1816 moribus

328 1839 609 1895 praeferatur
669 1840 872 1883 omnium
922 1842 1137 1899 opinione
1190 1844 1463 1900 doctissimo,

328 1910 400 1952 uel
433 1911 745 1953 commendato
788 1928 814 1954 a
860 1913 1063 1955 moribus
1103 1919 1146 1956 et
1185 1915 1367 1958 uirtute.
1401 1917 1465 1959 sic

328 1981 464 2023 etiam
496 1996 588 2024 non
632 1997 684 2024 ex
725 1983 819 2025 sola
858 1984 1102 2041 scriptione
1134 1986 1353 2041 absolute,
1386 1988 1463 2044 qui

330 2067 386 2094 sc.
421 2053 592 2110 optime
624 2053 800 2109 scribit,
842 2055 919 2097 sed
958 2057 1145 2098 attentis
1178 2058 1315 2100 etiam
1348 2059 1462 2114 aliis,

326 2138 411 2166 vsu
433 2138 490 2166 sc.
514 2129 870 2182 praeceptorum,
906 2126 1148 2183 diligentia
1177 2133 1220 2170 et
1252 2129 1460 2185 frequen-

327 2195 499 2237 tatione
531 2195 724 2250 scholae,
757 2197 894 2240 etiam
927 2199 1129 2241 moribus
1152 2200 1305 2257 aliquo
1327 2201 1461 2244 modo

329 2271 395 2308 est
434 2268 776 2324 praeponendus
810 2269 1015 2324 caeteriS,
1063 2271 1141 2327 qui
1185 2287 1243 2316 sc.
1290 2273 1461 2329 optime

329 2338 501 2393 scribit3
550 2339 616 2381 ita
652 2343 823 2396 tamen,
863 2345 914 2383 vt
955 2342 992 2384 is
1030 2357 1122 2384 non
1159 2358 1337 2400 prorsus
1378 2359 1461 2386 vsu

326 2414 668 2467 praeceptorum
688 2415 848 2467 careat,
880 2413 953 2455 uel
981 2428 1007 2455 a
1028 2413 1267 2470 diligentia
1285 2415 1459 2457 nullam

325 2479 506 2522 laudem
535 2486 772 2536 mercatus,
802 2497 973 2540 semper
991 2498 1149 2540 uaguS,
1183 2489 1227 2526 et
1248 2485 1458 2541 dyscolus

327 2550 477 2593 fuerit.
530 2551 652 2601 Quin
685 2553 721 2594 si
753 2553 860 2595 talis
892 2554 1042 2610 fuerit,
1074 2555 1233 2598 merito
1266 2557 1306 2598 ei
1331 2561 1454 2599 ante-

328 2622 472 2664 fertur
494 2623 585 2678 qui,
618 2623 726 2665 licet
747 2624 795 2666 in
815 2625 1058 2682 scriptione
1080 2640 1171 2669 non
1194 2627 1253 2669 sit
1274 2628 1456 2670 omnino

327 2694 541 2750 aequalis,
574 2698 653 2736 aut
690 2696 910 2752 superior,
956 2700 1110 2739 tamen
1150 2698 1272 2740 haud
1312 2699 1456 2740 multo

326 2770 393 2807 est
430 2765 567 2807 etiam
607 2765 812 2820 inferior,
853 2770 897 2808 et
937 2767 985 2809 in
1026 2768 1210 2810 caeteris
1248 2769 1456 2812 omnibus

328 2836 398 2877 illi
429 2841 564 2892 atque
597 2836 785 2878 caeteris
816 2842 1028 2893 praestat.
1092 2839 1283 2882 Uidetur
1321 2840 1456 2883 etiam

332 2906 551 2949 iudicium
593 2908 892 2963 praeceptoris
939 2924 1041 2951 suas
1092 2913 1241 2966 partes
1294 2910 1457 2954 habere

332 2977 509 3031 debere;
550 2977 650 3032 quis
692 2977 811 3019 enim
834 2978 993 3021 melius
1032 2980 1211 3022 nouerit
1240 2981 1456 3024 excellen-

335 3047 442 3090 tiam
459 3046 681 3104 discipuli,
704 3061 839 3103 quam
861 3049 937 3104 qui
954 3053 1050 3091 toto
1071 3065 1188 3092 anno
1209 3065 1312 3093 eum
1331 3067 1453 3095 exer-

1510 279 1603 321 eius
1717 279 2071 322 consideratione

1510 350 1711 406 praemia
1728 349 2071 393 distribuantur.

1509 420 1765 476 Mirumque
1789 421 1972 462 omnino
1993 427 2072 475 est,

1510 491 1620 533 adeo
1664 492 1825 533 durum
1872 491 1919 533 id
1964 507 2074 534 non-

1508 562 1647 604 nullis
1670 563 1718 604 in
1740 563 1986 605 Prouincia
2006 564 2073 605 ui-

1507 632 1616 687 deri,
1649 648 1751 676 oum
1781 633 1830 675 in
1861 634 1997 688 Vrbe,
2030 639 2074 676 et

1506 703 1555 745 in
1616 703 1715 746 aliis
1774 704 1884 746 locis
1945 704 2072 747 nulla

1506 774 1765 817 huiusmodi
1832 774 2072 817 difficultas

1508 849 1778 902 apponatur.
1841 846 1958 889 Nam
2019 851 2071 889 Vt

1508 921 1677 959 certum
1715 932 1808 959 non
1840 922 1970 972 esset,
2002 932 2072 960 ac-

1508 987 1655 1030 cidere
1701 988 1780 1029 uix
1826 1003 1974 1045 posse,
2022 992 2073 1031 vt

1507 1059 1760 1115 praemium
1803 1059 1882 1101 6111
1922 1073 2074 1101 conse-

1509 1136 1719 1185 quantur,
1735 1145 1871 1186 quam
1885 1131 1963 1186 qui
1976 1134 2070 1173 totc

1510 1215 1628 1243 anno
1698 1201 1962 1257 diligentiae
2029 1206 2073 1243 et

1510 1272 1739 1314 doctrinae
1771 1272 1903 1315 laude
1931 1273 2072 1315 excel-

1508 1344 1696 1399 luerint,
1731 1348 1848 1387 certe
1879 1358 1981 1386 cum
2000 1344 2069 1399 iis,

1507 1415 1585 1471 qui
1612 1431 1691 1472 per
1713 1415 1821 1457 anni
1837 1415 2070 1457 decursum

1505 1487 1779 1529 laudabilius
1817 1502 1862 1529 se
1891 1491 2069 1543 gerunt,

1505 1559 1594 1600 alia
1642 1558 1831 1601 subinde
1869 1558 2070 1615 praemia

1505 1634 1550 1672 et
1566 1630 1863 1672 incitamenta
1882 1643 1974 1672 non
1995 1630 2069 1672 de-

1504 1701 1608 1756 sint,
1643 1701 1805 1757 quibus
1829 1702 1992 1743 caeteri
2012 1700 2069 1742 ad

1502 1772 1777 1815 imitandum
1790 1772 2069 1814 inflammen-

1503 1848 1597 1899 tur,
1638 1858 1808 1886 nouum
1841 1843 1944 1886 duci
1975 1857 2067 1885 non

1503 1915 1648 1970 debet,
1683 1915 1720 1956 si
1739 1919 1935 1957 extremo
1959 1913 2067 1956 anni

1501 1990 1700 2043 tempore
1732 1986 1955 2042 peculiare
1975 1999 2065 2027 cer-

1501 2061 1652 2100 tamen
1692 2057 1978 2112 instituatur,
2016 2056 2065 2098 in

1501 2144 1588 2185 quo
1661 2129 1861 2186 praemia
1929 2127 2063 2170 huius

1499 2199 1757 2257 scriptionis
1789 2198 1957 2241 iudicio
1989 2198 2063 2240 de-

1499 2274 1750 2313 cernantur.
1812 2269 1960 2320 Quare
2000 2269 2062 2313 sic

1497 2343 1546 2384 in
1589 2357 1639 2384 ea
1684 2356 1731 2384 re
1769 2340 2062 2384 statuendum

1498 2413 1769 2467 iudicamus,
1831 2416 1885 2455 vt
1943 2412 2060 2454 ratio

1494 2483 1700 2526 stud.hac
1710 2483 1846 2526 etiam
1859 2483 1903 2525 in
1917 2486 2059 2539 parte,

1494 2555 1638 2599 sicubi
1660 2556 1709 2598 in
1729 2554 1962 2613 prouincia
1991 2555 2058 2598 in-

1494 2627 1749 2670 troductum
1819 2628 1910 2671 iam
1975 2631 2054 2683 est,

1494 2698 1610 2740 nihil
1633 2698 1912 2753 immutetur,
1940 2697 2059 2740 aliis-

1495 2784 1580 2825 que
1612 2769 1748 2811 etiam
1778 2769 1827 2811 in
1857 2768 1981 2824 locis,
2021 2768 2059 2810 si

1494 2840 1590 2882 fieri
1605 2844 1768 2897 potest,
1786 2840 1984 2882 suauiter
1991 2839 2058 2881 in-

1495 2911 1699 2955 ducatur.
1764 2910 1935 2961 Quodsi
1985 2925 2056 2954 vs-

1492 2981 1625 3039 piam,
1647 2986 1829 3039 propter
1849 2996 1946 3024 eam
1964 2996 2057 3023 ma-

1491 3053 1610 3095 xime
1640 3053 1908 3111 opinionem,
1942 3066 2055 3109 quae
