2148 3402
528 194 570 230 R.
597 198 643 230 st.
671 196 770 230 1586.
824 193 927 229 Stud.
952 193 1056 229 Hum.
1083 194 1214 231 Semin.
1242 194 1368 238 philol.
1712 188 1792 229 147

410 478 830 557 Separandane
877 479 1004 542 sint
1048 479 1485 542 Humaniorum

456 582 503 625 et
529 577 836 641 superiorum
863 577 1148 625 facultatum
1178 578 1454 625 seminaria.

854 707 968 771 Cap.
1011 707 1044 755 I.

242 813 315 855 An
339 813 549 870 expediat
569 813 838 855 Nostrorum
865 811 1167 853 studiosorum
1188 812 1451 866 Seminaria,
1486 828 1599 868 quae
1619 813 1800 869 propria

101 884 293 940 singulis
315 884 569 940 Prouincijs
591 899 683 925 esse
712 883 888 935 debent,
921 883 987 924 ita
1019 884 1226 939 separari,
1259 887 1311 924 vt
1341 883 1388 924 in
1422 883 1574 939 aliquo
1598 883 1800 939 Collegio

102 955 293 997 floreant
323 955 474 997 studia
504 954 829 1008 Humanitatis,
869 954 917 995 in
957 953 1044 995 alio
1084 969 1190 995 vero
1223 954 1543 1011 Philosophiae
1581 959 1626 996 et
1659 955 1800 996 Theo-

104 1025 265 1081 logiae,
298 1026 460 1067 merito
493 1025 740 1067 dubitatur.
788 1024 1031 1067 Videretur
1055 1025 1296 1067 admodum
1320 1026 1501 1081 quidem
1534 1026 1659 1068 Vtilis
1690 1026 1799 1068 haec

102 1096 339 1153 separatio,
371 1101 469 1138 tum
502 1096 608 1152 quia
630 1111 685 1138 ex
706 1096 1001 1138 multitudine
1020 1111 1112 1138 non
1134 1112 1276 1152 parua
1299 1096 1524 1139 confusio:
1558 1103 1656 1139 tum
1679 1097 1797 1153 quia,

103 1167 180 1223 qui
213 1168 548 1210 Grammaticae
585 1172 629 1209 et
661 1167 952 1209 Humanitati
982 1174 1163 1221 vacant,
1204 1168 1429 1209 vilescunt
1463 1182 1613 1211 coram
1645 1168 1797 1210 Philo-

101 1238 253 1296 sophis
275 1243 320 1281 et
338 1238 592 1295 Theologis,
626 1253 815 1295 quorum
848 1238 1080 1295 splendore
1113 1238 1178 1280 ita
1210 1239 1540 1296 opprimuntur,
1574 1243 1625 1281 vt
1656 1254 1797 1295 paene

101 1310 333 1352 contemni
362 1310 624 1353 videantur:
658 1314 756 1352 tum
790 1310 908 1365 quia,
942 1309 978 1351 si
1010 1309 1058 1351 in
1091 1310 1280 1352 alteram
1313 1315 1488 1367 partem
1520 1310 1797 1367 propendeat

99 1382 228 1424 fauor
249 1381 550 1439 Superiorum,
584 1382 771 1423 alteram
802 1381 937 1437 plane
967 1380 1111 1423 iacere
1137 1381 1375 1438 oportebit.
1422 1382 1578 1437 Neque
1601 1396 1706 1423 vero
1726 1382 1796 1423 ius

101 1452 284 1508 aequale
323 1452 492 1494 seruari
530 1456 689 1509 potest,
729 1466 831 1493 cum
863 1451 1176 1508 Superioribus
1208 1452 1502 1494 facultatibus
1534 1453 1636 1509 plus
1668 1452 1797 1494 debe-

101 1527 222 1566 atur:
257 1528 301 1565 et
332 1523 370 1565 si
400 1527 560 1580 posset,
593 1522 723 1565 fauor
753 1522 829 1564 ille
861 1522 1034 1565 diuisus
1064 1527 1273 1565 neutram
1303 1527 1491 1580 partem,
1524 1528 1576 1565 vt
1606 1538 1687 1580 par
1716 1529 1794 1577 est,

99 1594 289 1637 foueret:
323 1598 422 1636 tum
454 1594 561 1650 quia
591 1608 684 1635 non
711 1593 844 1650 pauci
867 1609 997 1650 aegre
1019 1593 1171 1636 ferunt
1192 1609 1236 1635 se
1256 1594 1513 1651 posthaberi
1538 1593 1650 1650 alijs,
1683 1608 1794 1649 quos

99 1665 259 1708 vident
289 1664 489 1721 quotidie
521 1664 578 1706 ad
603 1664 944 1721 Philosophiam
975 1665 1242 1721 promoueri,
1277 1681 1322 1707 se
1353 1680 1460 1707 vero
1493 1665 1549 1707 ad
1581 1665 1794 1707 inferiora

100 1735 252 1792 deijci:
304 1740 402 1777 tum
433 1735 539 1791 quja
572 1735 827 1791 Collegium
859 1751 999 1778 vnum
1032 1736 1111 1779 vix
1154 1736 1375 1793 duplicati
1415 1743 1621 1794 sumptus
1659 1750 1793 1778 onera

99 1806 315 1849 sustinere
352 1810 512 1864 potest.
583 1806 783 1848 Tandem
822 1807 1178 1850 Constitutiones
1216 1808 1265 1849 in
1307 1807 1425 1849 hanc
1464 1806 1791 1863 separationem

99 1877 381 1934 propendent
410 1877 532 1920 Part.
559 1879 599 1921 4.
633 1892 726 1934 cap.
759 1881 796 1922 7.
826 1878 879 1922 B.
943 1879 1112 1921 Contra
1143 1893 1247 1921 vero
1280 1878 1539 1920 huiusmodi
1570 1878 1791 1935 separatio

99 1962 189 1990 non
221 1948 416 1990 multum
447 1947 661 1991 vtilitatis
692 1949 945 2005 pollicetur:
980 1954 1078 1992 tum
1099 1951 1204 2006 quia
1223 1950 1422 2005 insignes
1444 1949 1791 2007 Huhnaniorum

98 2018 332 2061 literarum
363 2019 579 2061 Doctores
627 2020 676 2062 in
721 2020 933 2077 primario
975 2021 1178 2077 Collegio
1224 2026 1401 2078 oportet
1447 2036 1552 2076 esse,
1603 2022 1651 2063 in
1704 2035 1791 2077 quo

100 2090 396 2148 Philosophia
426 2096 471 2133 et
501 2091 749 2147 Theologia
779 2092 950 2148 vigent.
1014 2092 1186 2142 Quodsi
1216 2093 1385 2148 Nostri,
1426 2093 1505 2149 qui
1545 2093 1602 2135 ad
1641 2093 1793 2135 literas

99 2161 386 2204 humaniores
404 2162 641 2219 praecipue
663 2162 979 2218 instituuntur,
1001 2163 1299 2205 amandentur
1314 2163 1364 2205 in
1381 2164 1505 2206 aliud
1523 2163 1790 2220 Collegium,

101 2233 382 2290 priuabimus
413 2234 601 2276 Nostros
646 2233 873 2276 auditores
920 2233 1173 2276 illustribus
1218 2235 1460 2290 magistris,
1509 2240 1553 2277 et
1596 2235 1794 2277 illustres

101 2304 345 2361 Magistros
383 2305 562 2347 Nostris
600 2304 903 2347 auditoribus:
953 2309 1051 2347 tum
1089 2305 1195 2360 quia
1232 2306 1330 2363 ipsa
1370 2306 1614 2348 multitudo
1657 2306 1794 2348 Scho-

100 2375 360 2418 lasticorum
391 2380 436 2418 et
467 2376 733 2419 Scholarum
763 2376 958 2419 varietas
988 2377 1269 2434 splendorem
1307 2382 1351 2418 et
1382 2376 1604 2419 feruorem
1635 2375 1795 2432 studijs

104 2446 262 2489 afferre
284 2447 429 2489 solent
450 2462 541 2489 non
563 2447 812 2491 modicum:
846 2453 944 2489 tum
977 2447 1085 2503 quia
1115 2451 1273 2489 mutuo
1305 2462 1350 2489 se
1381 2446 1544 2489 iuuant
1565 2463 1616 2489 ac
1636 2447 1796 2489 fouent

102 2522 293 2574 vtraque
332 2518 493 2560 studia.
567 2519 686 2561 Nam
729 2518 778 2560 in
814 2533 995 2561 suarum
1035 2518 1395 2575 disputationum
1434 2518 1795 2575 praefationibus

103 2588 312 2644 indigent
342 2589 607 2646 Philosophi
638 2605 690 2632 ac
720 2589 940 2645 Theologi
971 2589 1270 2644 Humanistis,
1310 2604 1502 2645 quorum
1533 2589 1669 2632 etiam
1699 2604 1796 2631 ver-

103 2659 240 2714 sibus,
281 2665 326 2702 et
366 2660 645 2703 orationibus
685 2666 941 2703 recreantur
979 2660 1219 2704 interdum.
1288 2661 1588 2703 Humanistae
1620 2675 1795 2716 quoque

104 2730 152 2772 in
192 2731 380 2773 obscuro
418 2730 627 2786 iacerent,
668 2731 757 2774 nisi
795 2747 976 2774 suarum
1014 2730 1387 2774 exercitationum
1431 2735 1581 2785 testes,
1627 2737 1796 2788 specta-

104 2805 235 2855 tores,
269 2801 586 2858 approbatores
606 2802 821 2845 haberent
841 2802 1139 2859 Philosophos
1162 2807 1206 2844 et
1226 2802 1491 2857 Theologos.
1542 2802 1657 2844 Tum
1690 2802 1795 2857 quia

107 2872 280 2928 aliquot
300 2872 570 2915 Academiae
593 2878 734 2916 certas
754 2874 924 2916 habent
955 2873 1246 2916 fundationes
1278 2888 1357 2930 pro
1389 2874 1589 2929 vtrisque
1622 2872 1794 2928 studijs,

106 2947 158 2985 vt
189 2943 365 2999 seiungi
394 2957 487 2985 non
519 2945 703 3000 possint.
758 2946 892 2987 Forte
923 2960 990 2986 res
1021 2945 1108 2986 ista
1134 2960 1325 3001 magnae
1348 2944 1684 2987 deliberationis
1705 2958 1795 2984 non

107 3012 295 3070 indiget.
346 3015 465 3056 Nam
488 3014 792 3070 Collegiorum
815 3016 1035 3071 quaedam
1056 3016 1270 3072 primaria
1292 3021 1396 3058 sunt
1419 3020 1552 3071 atque
1584 3014 1794 3069 insignia,

108 3088 160 3127 Vt
197 3085 453 3127 Romanum
504 3090 549 3126 et
591 3086 774 3140 similia;
830 3094 873 3128 et
911 3086 1072 3128 horum
1108 3087 1360 3143 amplitudo
1407 3086 1552 3142 exigit
1595 3085 1794 3126 omnium

1520 3168 1583 3202 10*

1820 1975 1849 1999 p.
1872 1965 1932 1991 209.
