2143 3462
228 1911 258 1935 p.
279 1903 341 1928 200.

385 191 468 236 142
570 200 680 238 Ratio
706 201 909 240 studiorum
934 208 973 240 et
997 202 1251 242 institutiones
1275 203 1518 242 scholasticae
1541 202 1733 243 societatis
1757 205 1847 243 Jesu
1871 205 1912 244 ΙΙ

381 325 445 375 vt,
478 320 593 363 sicut
624 322 861 364 facultates
892 327 1105 377 caeterae,
1137 323 1203 366 ita
1226 327 1271 365 et
1291 322 1641 367 Mathematicae
1661 325 1710 367 in
1729 325 1908 368 Nostris
1928 326 2071 382 Gym-

380 391 517 447 nasijs
547 391 750 448 floreant,
781 397 833 435 vt
863 393 970 435 hinc
1000 394 1136 435 etiam
1155 394 1309 437 Nostri
1339 394 1453 436 fiant
1482 396 1629 451 magis
1658 396 1809 439 idonei
1841 395 1900 438 ad
1929 395 2070 452 variJ's

380 462 605 505 Ecclesiae
642 463 889 506 commodis
925 464 1275 520 insermendum,
1323 480 1424 508 cum
1470 467 1733 522 praesertim
1777 481 1869 510 non
1910 482 2068 524 parum

380 532 583 576 indecore
615 549 844 576 careamus
875 533 1222 589 Professoribus,
1253 536 1330 591 qui
1361 551 1510 578 rerum
1532 536 1952 580 Mathematicarum
1983 537 2069 580 lec-

378 604 547 646 tionem
593 609 687 647 tam
730 605 898 660 multis,
948 609 1045 646 tam
1096 606 1334 662 praeclaris
1384 606 1540 649 vsibus
1592 611 1853 665 exoptatam
1903 607 2067 650 habere

376 676 561 731 possint.
625 677 795 718 Romae
829 689 1018 732 quoque,
1056 677 1094 717 si
1125 691 1266 719 vnum
1298 680 1377 719 aut
1407 693 1518 734 pene
1551 678 1743 721 alterum
1782 678 1947 733 demas,
1986 679 2067 722 vix

376 747 497 789 vllus
533 747 730 802 reliquus
768 746 857 801 fiet,
904 747 983 802 qui
1022 751 1101 789 aut
1139 746 1221 790 has
1265 747 1504 790 facultates
1533 749 1686 791 valeat
1724 749 1941 807 profiteri,
1987 753 2066 792 aut

376 818 664 874 Apostolicae
697 817 802 860 Sedi
840 822 1017 874 praesto
1057 832 1161 873 esse,
1206 833 1308 861 cum
1345 819 1399 862 de
1431 819 1757 863 Ecclesiasticis
1787 820 2064 878 temporibus

376 887 646 945 disputatur.
658 889 672 913 ¹

517 963 556 1004 2.
588 960 653 1003 Vt
690 963 846 1001 tantae
885 959 1105 1016 paucitati
1148 974 1199 1002 ac
1239 960 1453 1017 penuriae
1490 961 1760 1017 medeamur,
1805 961 1981 1004 duobus
2018 960 2067 1004 in

374 1031 581 1073 Romano
604 1030 807 1086 Collegio
829 1030 1162 1073 Mathematicis
1181 1031 1514 1075 Professoribus
1546 1032 1815 1088 indigemus.
1863 1032 2065 1083 Quorum

373 1116 489 1145 Vnus
521 1101 792 1157 sesquianno
825 1101 1102 1157 quotidianis
1132 1102 1404 1145 lectionibus
1433 1104 1568 1147 breue
1600 1104 1872 1147 curriculum
1893 1103 2067 1146 Mathe-

373 1172 639 1214 maticarum
668 1186 818 1214 rerum
850 1172 1060 1215 conficiat
1091 1188 1117 1216 a
1147 1174 1324 1216 Nostris
1356 1178 1401 1216 et
1432 1175 1489 1217 ab
1535 1175 1731 1218 externis
1777 1174 2064 1229 audiendum,

373 1243 498 1285 cuius
543 1242 727 1285 initium
758 1243 987 1286 Professor
1032 1244 1338 1302 auspicabitur
1372 1250 1475 1302 post
1506 1245 1679 1288 Pascha
1708 1245 2064 1289 Resurrectionis

372 1329 503 1356 mane
546 1314 691 1371 prima
731 1313 842 1357 hora
875 1314 1142 1358 Scholarum
1186 1315 1470 1359 auditoribus
1488 1316 1718 1373 ,Logicae,
1759 1316 1866 1373 quia
1902 1331 1981 1375 per
2015 1316 2063 1359 id

370 1390 547 1442 tempus
588 1385 678 1427 fere
716 1390 881 1443 parant
920 1400 965 1428 se
1007 1386 1064 1428 ad
1104 1386 1359 1429 Posteriora
1396 1386 1655 1444 Analytica,
1694 1402 1809 1444 quae
1845 1387 1939 1429 sine
1970 1386 2064 1430 Ma-

370 1455 628 1498 thematicis
651 1456 865 1514 exemplis
887 1456 966 1500 vix
989 1462 1177 1514 possunt
1197 1456 1418 1513 intelligi;
1454 1461 1498 1500 et
1529 1473 1632 1500 cum
1662 1458 1755 1500 sint
1784 1458 1918 1515 paulo
1951 1461 2061 1500 tunc

370 1527 684 1584 prouectiores,
716 1528 908 1586 impares
939 1543 1031 1571 non
1062 1529 1276 1572 videntur
1307 1528 1433 1570 oneri
1465 1528 1603 1571 trium
1633 1528 1893 1574 lectionum.
1939 1527 2061 1571 Illud

369 1603 522 1640 tamen
545 1599 841 1641 constitutum
861 1614 954 1642 esse
976 1604 1164 1658 oportet,
1197 1605 1249 1644 vt
1267 1599 1472 1642 Euclich‘s
1495 1599 1714 1642 elementa
1745 1599 1881 1657 paulo
1912 1598 2063 1657 spino-

369 1669 487 1711 siora
519 1669 670 1726 aliqua
701 1684 873 1728 semper
902 1670 1274 1730 interpretatione
1305 1672 1378 1715 vel
1401 1670 1712 1729 Geographiae
1743 1670 1816 1713 vel
1836 1669 2060 1727 Sphaerae

369 1740 653 1795 condiantur,
687 1755 790 1784 cum
820 1743 1082 1799 praesertim
1111 1743 1196 1786 hae
1227 1758 1295 1786 res
1323 1757 1416 1786 non
1435 1747 1599 1800 egeant
1617 1755 1886 1799 magnopere
1906 1740 2059 1798 cogni-

368 1812 493 1854 tione
525 1812 726 1854 omnium
758 1813 1081 1872 principiorum
1112 1813 1339 1870 Euclidis,
1379 1813 1454 1857 sed
1485 1814 1733 1872 primorum
1764 1812 2060 1870 quorundam,

369 1898 483 1940 quae
520 1888 759 1941 postquam
800 1884 975 1928 duobus
1021 1884 1211 1943 cirflciter
1256 1885 1484 1928 mensibus
1530 1885 1733 1943 exposita
1777 1883 1959 1939 fuerint,
2006 1898 2060 1926 ex

367 1954 513 1998 tribus
551 1955 711 1998 deinde
753 1944 1097 2012 quadrantibuS,
1135 1956 1299 2013 quibus
1336 1956 1659 2000 Mathematica
1696 1955 1831 1999 lectio
1868 1955 2060 1998 circum-

366 2026 594 2081 scribitur,
628 2025 802 2069 duobus
833 2026 1057 2084 prioribus
1088 2027 1276 2085 sphaera
1316 2027 1461 2070 aliave
1491 2027 1538 2070 id
1569 2042 1712 2083 genus
1743 2027 1942 2084 gratiora
1972 2028 2061 2068 tra-

367 2097 547 2152 dantur,
580 2101 624 2139 et
654 2097 703 2140 in
734 2097 790 2154 ijs
822 2097 879 2140 ad
912 2098 1164 2141 studiorum
1195 2113 1335 2156 Vsque
1366 2098 1502 2141 finem
1532 2102 1851 2157 perseueretur.
1902 2097 2059 2140 Altero

365 2168 652 2225 postmodum
698 2184 817 2211 anno
863 2169 1022 2226 ijsdem
1069 2169 1368 2225 auditoribus,
1420 2170 1499 2226 qui
1538 2168 1725 2226 Physici
1764 2173 1874 2211 tunc
1911 2171 2057 2222 erunt,

364 2239 509 2296 prima
540 2239 652 2282 hora
684 2240 951 2283 scholarum
985 2256 1009 2282 a
1040 2240 1230 2298 prandio
1262 2240 1434 2296 reliqua
1463 2255 1567 2297 pars
1598 2238 1849 2298 compendij
1884 2237 2059 2281 Mathe-

366 2309 520 2352 matici
568 2324 593 2352 a
636 2311 686 2354 P.
721 2310 906 2354 Clauio²
950 2312 1215 2355 conficiendi
1264 2312 1579 2371 explicabitur.
1658 2311 1772 2355 Cum
1832 2323 1938 2353 vero
1997 2308 2057 2352 ad

510 2511 520 2531 ¹
546 2511 652 2547 Diese
666 2512 787 2556 Klage
812 2512 955 2548 scheint
980 2513 1118 2549 minder
1142 2513 1351 2559 berechtigt
1375 2524 1419 2549 zu
1446 2512 1535 2556 36111,
1562 2523 1735 2548 s.unse1·e
1747 2511 1983 2555 Anmerkung
2007 2519 2052 2544 zu

364 2568 429 2603 No.
456 2570 489 2603 2.
515 2569 633 2605 dieses
660 2571 911 2607 Abschnittes.

508 2628 520 2646 ²
545 2627 583 2662 P.
610 2629 817 2672 Clavius,
856 2630 1072 2675 Christoph.,
1111 2632 1250 2676 (Klau),
1302 2632 1388 2674 „der
1414 2631 1547 2667 Euklid
1583 2632 1702 2667 seiner
1734 2631 1850 2673 Zeit“‚
1887 2630 1969 2673 geb.
2006 2639 2053 2664 zu

363 2686 545 2731 Bamberg
571 2687 607 2722 in
634 2687 803 2724 Franken
832 2690 933 2731 1538,
973 2695 1049 2725 trat
1075 2691 1112 2726 in
1139 2691 1198 2726 die
1224 2691 1265 2726 G.
1280 2692 1314 2727 J.
1341 2691 1451 2735 1555;
1493 2691 1633 2736 Gregor
1657 2691 1760 2727 XIII.
1787 2690 1963 2725 beniitzte
1988 2689 2053 2724 ihn

362 2745 492 2787 fiirdic
508 2745 825 2782 Kalenderreform
850 2749 922 2783 und
948 2760 1013 2783 zur
1027 2750 1299 2795 Verteidigung
1325 2750 1388 2784 des
1413 2760 1530 2785 neuen
1544 2750 1632 2785 Stils
1658 2760 1779 2795 gegen
1805 2749 1863 2784 die
1885 2748 2051 2793 Angriffe

362 2804 426 2839 der
451 2805 729 2850 Protestanten3
769 2817 807 2841 er
833 2807 932 2842 starb
964 2819 1009 2843 zu
1036 2809 1127 2844 Rom
1165 2811 1197 2843 6.
1223 2809 1326 2844 Febr.
1356 2809 1454 2845 1612.
1513 2809 1618 2844 Scine
1657 2808 1872 2844 samtlichen
1896 2807 2050 2843 Werke:

363 2863 611 2907 Christophori
640 2865 755 2899 Clavii
784 2867 1067 2912 Bambergcnsis
1094 2879 1111 2902 e
1139 2868 1216 2902 Soc.
1233 2868 1266 2902 J.
1295 2868 1411 2912 Opera
1435 2868 1692 2904 Mathematica
1718 2868 1751 2903 V
1773 2867 1895 2903 Tomis
1922 2867 2047 2902 distri-

362 2923 461 2964 buta,
501 2922 544 2957 ab
583 2928 730 2958 auctore
764 2925 878 2959 denuo
915 2932 1079 2961 correcta
1114 2932 1152 2961 et
1183 2927 1346 2970 plurimis
1380 2928 1470 2962 locis
1497 2932 1614 2963 aucta.
1665 2928 1722 2963 Ad
1747 2927 1984 2963 Reverendis.
2011 2930 2049 2961 et

361 2981 532 3018 Illustris.
582 2981 786 3025 Principem
814 2994 854 3017 ac
882 2984 1073 3019 Dominum
1102 2986 1143 3019 D.
1170 2986 1227 3020 J0.
1254 2987 1400 3021 Godefr.
1427 2987 1644 3031 Episcopum
1676 2987 1981 3030 Bambergensem
2002 2996 2046 3021 το.

361 3041 588 3085 Moguntiae,
627 3041 830 3084 sumptibus
868 3042 1022 3078 Antonii
1057 3043 1197 3085 Hierat,
1237 3045 1439 3080 excudebat
1476 3045 1606 3081 Reinh.
1637 3046 1735 3087 Eltz,
1775 3046 1933 3090 1611s12.
1972 3045 2047 3080 Fol.

362 3099 546 3135 Wahrend
586 3100 647 3134 des
675 3101 836 3136 Druckes
874 3101 937 3137 des
974 3102 1122 3137 fiinften
1149 3103 1339 3139 Folianten
1375 3105 1475 3139 starb
1510 3105 1549 3140 P.
1576 3105 1733 3148 Clavius,
1771 3103 1929 3140 weshalb
1965 3103 2044 3140 sein
