<?xml version="1.0" encoding="UTF-8"?>
<!DOCTYPE html PUBLIC "-//W3C//DTD XHTML 1.0 Transitional//EN"
    "http://www.w3.org/TR/xhtml1/DTD/xhtml1-transitional.dtd">
<html xmlns="http://www.w3.org/1999/xhtml" xml:lang="en" lang="en">
 <head>
  <title>
</title>
<meta http-equiv="Content-Type" content="text/html;charset=utf-8" />
  <meta name='ocr-system' content='tesseract 3.04.00' />
  <meta name='ocr-capabilities' content='ocr_page ocr_carea ocr_par ocr_line ocrx_word'/>
</head>
<body>
  <div class='ocr_page' id='page_1' title='image "./ratiostudiorumet05jesu_0396.png"; bbox 0 0 2153 3467; ppageno 0'>
   <div class='ocr_carea' id='block_1_1' title="bbox 110 774 299 798">
    <p class='ocr_par' dir='ltr' id='par_1_1' title="bbox 110 774 299 798">
     <span class='ocr_line' id='line_1_1' title="bbox 110 774 299 798; baseline 0.005 -1"><span class='ocrx_word' id='word_1_1' title='bbox 110 774 299 798; x_wconf 78' lang='lat' dir='ltr'>Adhortatio.</span> 
     </span>
    </p>
   </div>
   <div class='ocr_carea' id='block_1_2' title="bbox 113 1356 299 1422">
    <p class='ocr_par' dir='ltr' id='par_1_2' title="bbox 113 1356 299 1422">
     <span class='ocr_line' id='line_1_2' title="bbox 127 1356 282 1386; baseline 0.019 -10"><span class='ocrx_word' id='word_1_2' title='bbox 127 1356 282 1386; x_wconf 54' lang='lat' dir='ltr'>(miluqmn</span> 
     </span>
     <span class='ocr_line' id='line_1_3' title="bbox 113 1391 299 1422; baseline 0 -8"><span class='ocrx_word' id='word_1_3' title='bbox 113 1391 299 1422; x_wconf 57' lang='lat' dir='ltr'>spiritual-ia.</span> 
     </span>
    </p>
   </div>
   <div class='ocr_carea' id='block_1_3' title="bbox 61 1641 290 1700">
    <p class='ocr_par' dir='ltr' id='par_1_3' title="bbox 61 1641 290 1700">
     <span class='ocr_line' id='line_1_4' title="bbox 98 1641 277 1664; baseline 0 -1"><span class='ocrx_word' id='word_1_4' title='bbox 98 1641 226 1664; x_wconf 71' lang='lat' dir='ltr'>Limum-³</span> <span class='ocrx_word' id='word_1_5' title='bbox 248 1644 277 1663; x_wconf 77' lang='lat' dir='ltr'>et</span> 
     </span>
     <span class='ocr_line' id='line_1_5' title="bbox 61 1675 290 1700; baseline 0.004 -2"><span class='ocrx_word' id='word_1_6' title='bbox 61 1676 178 1700; x_wconf 69' lang='lat' dir='ltr'>devoti«)</span> <span class='ocrx_word' id='word_1_7' title='bbox 203 1676 233 1700; x_wconf 82' lang='lat' dir='ltr'>B.</span> <span class='ocrx_word' id='word_1_8' title='bbox 257 1675 290 1699; x_wconf 86' lang='lat' dir='ltr'>V.</span> 
     </span>
    </p>
   </div>
   <div class='ocr_carea' id='block_1_4' title="bbox 96 1972 274 2002">
    <p class='ocr_par' dir='ltr' id='par_1_4' title="bbox 96 1972 274 2002">
     <span class='ocr_line' id='line_1_6' title="bbox 96 1972 274 2002; baseline 0 -6"><span class='ocrx_word' id='word_1_9' title='bbox 96 1972 274 2002; x_wconf 68' lang='lat' dir='ltr'>spiritualis.</span> 
     </span>
    </p>
   </div>
   <div class='ocr_carea' id='block_1_5' title="bbox 315 207 1881 258">
    <p class='ocr_par' dir='ltr' id='par_1_5' title="bbox 315 207 1881 258">
     <span class='ocr_line' id='line_1_7' title="bbox 315 207 1881 258; baseline 0.005 -8"><span class='ocrx_word' id='word_1_10' title='bbox 315 207 403 250; x_wconf 83' lang='grc'>380</span> <span class='ocrx_word' id='word_1_11' title='bbox 513 216 626 251; x_wconf 86' lang='lat' dir='ltr'>Ratio</span> <span class='ocrx_word' id='word_1_12' title='bbox 653 215 861 252; x_wconf 79' lang='lat' dir='ltr'>studiorum</span> <span class='ocrx_word' id='word_1_13' title='bbox 887 220 926 252; x_wconf 89' lang='lat' dir='ltr'>et</span> <span class='ocrx_word' id='word_1_14' title='bbox 950 216 1206 254; x_wconf 72' lang='lat' dir='ltr'>institutiones</span> <span class='ocrx_word' id='word_1_15' title='bbox 1233 218 1476 255; x_wconf 80' lang='lat' dir='ltr'>scholasticae</span> <span class='ocrx_word' id='word_1_16' title='bbox 1503 220 1700 256; x_wconf 79' lang='lat' dir='ltr'>Societatis</span> <span class='ocrx_word' id='word_1_17' title='bbox 1725 221 1817 258; x_wconf 83' lang='lat' dir='ltr'>Jesu</span> <span class='ocrx_word' id='word_1_18' title='bbox 1842 223 1881 258; x_wconf 93' lang='lat' dir='ltr'>II</span> 
     </span>
    </p>
   </div>
   <div class='ocr_carea' id='block_1_6' title="bbox 316 290 1440 294">
    <p class='ocr_par' dir='ltr' id='par_1_6' title="bbox 316 290 1440 294">
     <span class='ocr_line' id='line_1_8' title="bbox 316 290 1440 294; baseline 0 0"><span class='ocrx_word' id='word_1_19' title='bbox 316 290 1440 294; x_wconf 95' lang='lat' dir='ltr'> </span> 
     </span>
    </p>
   </div>
   <div class='ocr_carea' id='block_1_7' title="bbox 313 337 2049 750">
    <p class='ocr_par' dir='ltr' id='par_1_7' title="bbox 313 337 2049 750">
     <span class='ocr_line' id='line_1_9' title="bbox 314 337 2045 395; baseline 0.003 -17"><span class='ocrx_word' id='word_1_20' title='bbox 314 341 441 379; x_wconf 84' lang='lat' dir='ltr'>sexta</span> <span class='ocrx_word' id='word_1_21' title='bbox 488 341 567 379; x_wconf 89' lang='lat' dir='ltr'>aut</span> <span class='ocrx_word' id='word_1_22' title='bbox 612 337 800 380; x_wconf 87' lang='lat' dir='ltr'>sabbato</span> <span class='ocrx_word' id='word_1_23' title='bbox 841 337 1065 380; x_wconf 76' lang='lat' dir='ltr'>ediscatur</span> <span class='ocrx_word' id='word_1_24' title='bbox 1111 353 1163 380; x_wconf 90' lang='lat' dir='ltr'>ac</span> <span class='ocrx_word' id='word_1_25' title='bbox 1202 339 1300 381; x_wconf 87' lang='lat' dir='ltr'>aliis</span> <span class='ocrx_word' id='word_1_26' title='bbox 1320 338 1471 394; x_wconf 89' lang='lat' dir='ltr'>etiam,</span> <span class='ocrx_word' id='word_1_27' title='bbox 1500 339 1539 381; x_wconf 91' lang='lat' dir='ltr'>si</span> <span class='ocrx_word' id='word_1_28' title='bbox 1559 353 1669 395; x_wconf 88' lang='lat' dir='ltr'>opus</span> <span class='ocrx_word' id='word_1_29' title='bbox 1689 339 1840 395; x_wconf 84' lang='lat' dir='ltr'>fuerit,</span> <span class='ocrx_word' id='word_1_30' title='bbox 1871 341 1983 384; x_wconf 85' lang='lat' dir='ltr'>feria</span> <span class='ocrx_word' id='word_1_31' title='bbox 2005 346 2045 387; x_wconf 90' lang='lat'>6.</span> 
     </span>
     <span class='ocr_line' id='line_1_10' title="bbox 314 407 2046 463; baseline 0.003 -13"><span class='ocrx_word' id='word_1_32' title='bbox 314 407 572 450; x_wconf 72' lang='lat' dir='ltr'>memoriter</span> <span class='ocrx_word' id='word_1_33' title='bbox 591 409 818 463; x_wconf 77' lang='lat' dir='ltr'>recitetur,</span> <span class='ocrx_word' id='word_1_34' title='bbox 839 409 928 451; x_wconf 89' lang='lat' dir='ltr'>nisi</span> <span class='ocrx_word' id='word_1_35' title='bbox 946 408 1062 451; x_wconf 88' lang='lat' dir='ltr'>forte.</span> <span class='ocrx_word' id='word_1_36' title='bbox 1086 408 1163 452; x_wconf 90' lang='lat' dir='ltr'>ali·</span> <span class='ocrx_word' id='word_1_37' title='bbox 1201 411 1274 452; x_wconf 87' lang='lat' dir='ltr'>vel</span> <span class='ocrx_word' id='word_1_38' title='bbox 1311 410 1500 452; x_wconf 87' lang='lat' dir='ltr'>sabbato</span> <span class='ocrx_word' id='word_1_39' title='bbox 1533 410 1791 453; x_wconf 80' lang='lat' dir='ltr'>memoriter</span> <span class='ocrx_word' id='word_1_40' title='bbox 1820 413 2046 456; x_wconf 87' lang='lat' dir='ltr'>recitetur.</span> 
     </span>
     <span class='ocr_line' id='line_1_11' title="bbox 315 478 2048 539; baseline 0.005 -19"><span class='ocrx_word' id='word_1_41' title='bbox 315 478 418 521; x_wconf 89' lang='lat' dir='ltr'>cubi</span> <span class='ocrx_word' id='word_1_42' title='bbox 433 479 663 521; x_wconf 84' lang='lat' dir='ltr'>etanovis</span> <span class='ocrx_word' id='word_1_43' title='bbox 677 479 1055 537; x_wconf 90' lang='lat' dir='ltr'>discipulisetiam</span> <span class='ocrx_word' id='word_1_44' title='bbox 1073 495 1164 521; x_wconf 90' lang='lat' dir='ltr'>sae·</span> <span class='ocrx_word' id='word_1_45' title='bbox 1181 504 1183 537; x_wconf 61' lang='lat' dir='ltr'>l</span> <span class='ocrx_word' id='word_1_46' title='bbox 1201 482 1289 523; x_wconf 91' lang='lat' dir='ltr'>Pro</span> <span class='ocrx_word' id='word_1_47' title='bbox 1322 483 1484 537; x_wconf 84' lang='lat' dir='ltr'>quovis</span> <span class='ocrx_word' id='word_1_48' title='bbox 1517 485 1666 524; x_wconf 86' lang='lat' dir='ltr'>autem</span> <span class='ocrx_word' id='word_1_49' title='bbox 1697 482 1873 526; x_wconf 87' lang='lat' dir='ltr'>scholae</span> <span class='ocrx_word' id='word_1_50' title='bbox 1903 485 2048 539; x_wconf 90' lang='lat' dir='ltr'>gradu</span> 
     </span>
     <span class='ocr_line' id='line_1_12' title="bbox 313 549 2049 610; baseline 0.005 -19"><span class='ocrx_word' id='word_1_51' title='bbox 313 550 414 606; x_wconf 90' lang='lat' dir='ltr'>pius</span> <span class='ocrx_word' id='word_1_52' title='bbox 445 549 678 592; x_wconf 88' lang='lat' dir='ltr'>recitanda</span> <span class='ocrx_word' id='word_1_53' title='bbox 710 551 952 593; x_wconf 86' lang='lat' dir='ltr'>videretur.</span> <span class='ocrx_word' id='word_1_54' title='bbox 994 551 1162 604; x_wconf 86' lang='lat' dir='ltr'>(Const.</span> <span class='ocrx_word' id='word_1_55' title='bbox 1201 552 1521 610; x_wconf 79' lang='lat' dir='ltr'>explicationes</span> <span class='ocrx_word' id='word_1_56' title='bbox 1543 554 1782 610; x_wconf 88' lang='lat' dir='ltr'>ampliores</span> <span class='ocrx_word' id='word_1_57' title='bbox 1812 555 2049 599; x_wconf 87' lang='lat' dir='ltr'>tradantur</span> 
     </span>
     <span class='ocr_line' id='line_1_13' title="bbox 313 624 2046 684; baseline 0.005 -22"><span class='ocrx_word' id='word_1_58' title='bbox 313 636 355 678; x_wconf 91' lang='lat' dir='ltr'>p.</span> <span class='ocrx_word' id='word_1_59' title='bbox 378 624 418 665; x_wconf 85' lang='lat'>4.</span> <span class='ocrx_word' id='word_1_60' title='bbox 453 636 490 663; x_wconf 92' lang='lat' dir='ltr'>c.</span> <span class='ocrx_word' id='word_1_61' title='bbox 514 624 553 665; x_wconf 85' lang='lat'>7.</span> <span class='ocrx_word' id='word_1_62' title='bbox 587 637 631 664; x_wconf 91' lang='lat' dir='ltr'>n.</span> <span class='ocrx_word' id='word_1_63' title='bbox 655 624 703 676; x_wconf 79' lang='lat'>23</span> <span class='ocrx_word' id='word_1_64' title='bbox 737 638 772 664; x_wconf 90' lang='lat' dir='ltr'>c.</span> <span class='ocrx_word' id='word_1_65' title='bbox 798 625 866 666; x_wconf 88' lang='grc'>16.</span> <span class='ocrx_word' id='word_1_66' title='bbox 896 637 939 664; x_wconf 91' lang='lat' dir='ltr'>n.</span> <span class='ocrx_word' id='word_1_67' title='bbox 965 624 1021 676; x_wconf 81' lang='lat'>2.)</span> <span class='ocrx_word' id='word_1_68' title='bbox 1203 628 1338 680; x_wconf 90' lang='lat' dir='ltr'>atque</span> <span class='ocrx_word' id='word_1_69' title='bbox 1356 624 1612 680; x_wconf 80' lang='lat' dir='ltr'>exigantur.</span> <span class='ocrx_word' id='word_1_70' title='bbox 1644 626 1815 680; x_wconf 84' lang='lat' dir='ltr'>(Const.</span> <span class='ocrx_word' id='word_1_71' title='bbox 1833 642 1876 684; x_wconf 90' lang='lat' dir='ltr'>p.</span> <span class='ocrx_word' id='word_1_72' title='bbox 1894 630 1935 672; x_wconf 86' lang='lat'>4.</span> <span class='ocrx_word' id='word_1_73' title='bbox 1952 643 1987 670; x_wconf 89' lang='lat' dir='ltr'>c.</span> <span class='ocrx_word' id='word_1_74' title='bbox 2007 631 2046 672; x_wconf 86' lang='lat'>7.</span> 
     </span>
     <span class='ocr_line' id='line_1_14' title="bbox 1201 698 1651 750; baseline 0.002 -13"><span class='ocrx_word' id='word_1_75' title='bbox 1201 710 1245 737; x_wconf 89' lang='lat' dir='ltr'>n.</span> <span class='ocrx_word' id='word_1_76' title='bbox 1270 699 1329 750; x_wconf 85' lang='lat'>2.;</span> <span class='ocrx_word' id='word_1_77' title='bbox 1363 711 1400 738; x_wconf 90' lang='lat' dir='ltr'>c.</span> <span class='ocrx_word' id='word_1_78' title='bbox 1424 698 1493 740; x_wconf 88' lang='lat'>16.</span> <span class='ocrx_word' id='word_1_79' title='bbox 1525 711 1570 738; x_wconf 90' lang='lat' dir='ltr'>n.</span> <span class='ocrx_word' id='word_1_80' title='bbox 1594 698 1651 750; x_wconf 81' lang='lat'>2.)</span> 
     </span>
    </p>
   </div>
   <div class='ocr_carea' id='block_1_8' title="bbox 312 775 2052 1190">
    <p class='ocr_par' dir='ltr' id='par_1_8' title="bbox 312 775 2052 1190">
     <span class='ocr_line' id='line_1_15' title="bbox 460 775 2049 836; baseline 0.005 -19"><span class='ocrx_word' id='word_1_81' title='bbox 460 775 505 822; x_wconf 82' lang='lat'>5.</span> <span class='ocrx_word' id='word_1_82' title='bbox 568 775 696 818; x_wconf 88' lang='lat' dir='ltr'>Piam</span> <span class='ocrx_word' id='word_1_83' title='bbox 717 776 1075 820; x_wconf 86' lang='lat' dir='ltr'>cohortationem</span> <span class='ocrx_word' id='word_1_84' title='bbox 1094 778 1167 822; x_wconf 85' lang='lat' dir='ltr'>vel</span> <span class='ocrx_word' id='word_1_85' title='bbox 1187 778 1416 821; x_wconf 88' lang='lat' dir='ltr'>doctrinae</span> <span class='ocrx_word' id='word_1_86' title='bbox 1436 779 1786 836; x_wconf 82' lang='lat' dir='ltr'>explicationem</span> <span class='ocrx_word' id='word_1_87' title='bbox 1804 780 1918 823; x_wconf 85' lang='lat' dir='ltr'>feria</span> <span class='ocrx_word' id='word_1_88' title='bbox 1939 783 2049 825; x_wconf 87' lang='lat' dir='ltr'>item</span> 
     </span>
     <span class='ocr_line' id='line_1_16' title="bbox 317 847 2052 909; baseline 0.005 -22"><span class='ocrx_word' id='word_1_89' title='bbox 317 850 442 888; x_wconf 87' lang='lat' dir='ltr'>sexta</span> <span class='ocrx_word' id='word_1_90' title='bbox 474 851 554 888; x_wconf 85' lang='lat' dir='ltr'>aut</span> <span class='ocrx_word' id='word_1_91' title='bbox 585 847 775 889; x_wconf 82' lang='lat' dir='ltr'>sabbato</span> <span class='ocrx_word' id='word_1_92' title='bbox 806 848 973 890; x_wconf 82' lang='lat' dir='ltr'>habeat</span> <span class='ocrx_word' id='word_1_93' title='bbox 1005 864 1084 906; x_wconf 88' lang='lat' dir='ltr'>per</span> <span class='ocrx_word' id='word_1_94' title='bbox 1115 850 1404 904; x_wconf 82' lang='lat' dir='ltr'>semihoram3</span> <span class='ocrx_word' id='word_1_95' title='bbox 1447 850 1654 893; x_wconf 90' lang='lat' dir='ltr'>hortetur</span> <span class='ocrx_word' id='word_1_96' title='bbox 1690 856 1843 895; x_wconf 86' lang='lat' dir='ltr'>autem</span> <span class='ocrx_word' id='word_1_97' title='bbox 1873 852 2052 909; x_wconf 87' lang='lat' dir='ltr'>potissi-</span> 
     </span>
     <span class='ocr_line' id='line_1_17' title="bbox 317 917 2048 978; baseline 0.005 -19"><span class='ocrx_word' id='word_1_98' title='bbox 317 933 442 959; x_wconf 88' lang='lat' dir='ltr'>mum</span> <span class='ocrx_word' id='word_1_99' title='bbox 475 917 531 960; x_wconf 88' lang='lat' dir='ltr'>ad</span> <span class='ocrx_word' id='word_1_100' title='bbox 552 919 773 961; x_wconf 90' lang='lat' dir='ltr'>orandum</span> <span class='ocrx_word' id='word_1_101' title='bbox 794 919 941 961; x_wconf 89' lang='lat' dir='ltr'>Deum</span> <span class='ocrx_word' id='word_1_102' title='bbox 964 920 1179 976; x_wconf 83' lang='lat' dir='ltr'>quotidie,</span> <span class='ocrx_word' id='word_1_103' title='bbox 1210 921 1451 978; x_wconf 82' lang='lat' dir='ltr'>praecipue</span> <span class='ocrx_word' id='word_1_104' title='bbox 1471 937 1578 965; x_wconf 87' lang='lat' dir='ltr'>vero</span> <span class='ocrx_word' id='word_1_105' title='bbox 1605 923 1663 965; x_wconf 89' lang='lat' dir='ltr'>ad</span> <span class='ocrx_word' id='word_1_106' title='bbox 1685 938 1894 966; x_wconf 90' lang='lat' dir='ltr'>coronam</span> <span class='ocrx_word' id='word_1_107' title='bbox 1917 924 1970 966; x_wconf 87' lang='lat' dir='ltr'>B.</span> <span class='ocrx_word' id='word_1_108' title='bbox 1993 925 2048 967; x_wconf 92' lang='lat' dir='ltr'>V.</span> 
     </span>
     <span class='ocr_line' id='line_1_18' title="bbox 319 990 2051 1047; baseline 0.004 -17"><span class='ocrx_word' id='word_1_109' title='bbox 319 993 397 1031; x_wconf 83' lang='lat' dir='ltr'>aut</span> <span class='ocrx_word' id='word_1_110' title='bbox 429 990 626 1032; x_wconf 85' lang='lat' dir='ltr'>officium</span> <span class='ocrx_word' id='word_1_111' title='bbox 670 991 871 1046; x_wconf 82' lang='lat' dir='ltr'>quotidie</span> <span class='ocrx_word' id='word_1_112' title='bbox 914 992 1215 1047; x_wconf 87' lang='lat' dir='ltr'>recitandum,</span> <span class='ocrx_word' id='word_1_113' title='bbox 1267 993 1323 1035; x_wconf 91' lang='lat' dir='ltr'>ad</span> <span class='ocrx_word' id='word_1_114' title='bbox 1372 994 1688 1036; x_wconf 85' lang='lat' dir='ltr'>excutiendam</span> <span class='ocrx_word' id='word_1_115' title='bbox 1730 996 2051 1038; x_wconf 84' lang='lat' dir='ltr'>conscientiam</span> 
     </span>
     <span class='ocr_line' id='line_1_19' title="bbox 312 1060 2051 1122; baseline 0.005 -21"><span class='ocrx_word' id='word_1_116' title='bbox 312 1060 498 1115; x_wconf 86' lang='lat' dir='ltr'>vesperi,</span> <span class='ocrx_word' id='word_1_117' title='bbox 530 1060 587 1102; x_wconf 89' lang='lat' dir='ltr'>ad</span> <span class='ocrx_word' id='word_1_118' title='bbox 619 1061 908 1104; x_wconf 81' lang='lat' dir='ltr'>Sacramenta</span> <span class='ocrx_word' id='word_1_119' title='bbox 939 1063 1254 1106; x_wconf 88' lang='lat' dir='ltr'>Poenitentiae</span> <span class='ocrx_word' id='word_1_120' title='bbox 1286 1069 1331 1106; x_wconf 92' lang='lat' dir='ltr'>et</span> <span class='ocrx_word' id='word_1_121' title='bbox 1361 1064 1675 1108; x_wconf 86' lang='lat' dir='ltr'>Eucharistiae</span> <span class='ocrx_word' id='word_1_122' title='bbox 1711 1065 1969 1122; x_wconf 87' lang='lat' dir='ltr'>frequenter</span> <span class='ocrx_word' id='word_1_123' title='bbox 2000 1083 2051 1109; x_wconf 86' lang='lat' dir='ltr'>ac</span> 
     </span>
     <span class='ocr_line' id='line_1_20' title="bbox 314 1130 2050 1190; baseline 0.005 -19"><span class='ocrx_word' id='word_1_124' title='bbox 314 1130 399 1172; x_wconf 89' lang='lat' dir='ltr'>rite</span> <span class='ocrx_word' id='word_1_125' title='bbox 431 1131 651 1187; x_wconf 84' lang='lat' dir='ltr'>obeunda,</span> <span class='ocrx_word' id='word_1_126' title='bbox 694 1133 751 1175; x_wconf 90' lang='lat' dir='ltr'>ad</span> <span class='ocrx_word' id='word_1_127' title='bbox 789 1134 1001 1177; x_wconf 87' lang='lat' dir='ltr'>vitandas</span> <span class='ocrx_word' id='word_1_128' title='bbox 1037 1135 1197 1178; x_wconf 85' lang='lat' dir='ltr'>noxias</span> <span class='ocrx_word' id='word_1_129' title='bbox 1238 1136 1602 1190; x_wconf 87' lang='lat' dir='ltr'>consuetudines,</span> <span class='ocrx_word' id='word_1_130' title='bbox 1637 1136 1695 1179; x_wconf 86' lang='lat' dir='ltr'>ad</span> <span class='ocrx_word' id='word_1_131' title='bbox 1725 1136 1943 1179; x_wconf 86' lang='lat' dir='ltr'>vitiorum</span> <span class='ocrx_word' id='word_1_132' title='bbox 1974 1137 2050 1179; x_wconf 91' lang='lat' dir='ltr'>de-</span> 
     </span>
    </p>
   </div>
   <div class='ocr_carea' id='block_1_9' title="bbox 316 1202 2049 1331">
    <p class='ocr_par' dir='ltr' id='par_1_9' title="bbox 316 1202 2049 1331">
     <span class='ocr_line' id='line_1_21' title="bbox 316 1202 2049 1264; baseline 0.005 -22"><span class='ocrx_word' id='word_1_133' title='bbox 316 1202 620 1257; x_wconf 84' lang='lat' dir='ltr'>testationem,</span> <span class='ocrx_word' id='word_1_134' title='bbox 654 1204 711 1246; x_wconf 86' lang='lat' dir='ltr'>ad</span> <span class='ocrx_word' id='word_1_135' title='bbox 731 1206 925 1248; x_wconf 88' lang='lat' dir='ltr'>virtutes</span> <span class='ocrx_word' id='word_1_136' title='bbox 948 1207 1141 1263; x_wconf 85' lang='lat' dir='ltr'>denique</span> <span class='ocrx_word' id='word_1_137' title='bbox 1159 1207 1369 1249; x_wconf 90' lang='lat' dir='ltr'>colendas</span> <span class='ocrx_word' id='word_1_138' title='bbox 1391 1208 1648 1250; x_wconf 87' lang='lat' dir='ltr'>Christiano</span> <span class='ocrx_word' id='word_1_139' title='bbox 1670 1208 1853 1251; x_wconf 87' lang='lat' dir='ltr'>homine</span> <span class='ocrx_word' id='word_1_140' title='bbox 1875 1208 2049 1264; x_wconf 88' lang='lat' dir='ltr'>dignas.</span> 
     </span>
     <span class='ocr_line' id='line_1_22' title="bbox 317 1273 951 1331; baseline 0.011 -18"><span class='ocrx_word' id='word_1_141' title='bbox 317 1273 488 1326; x_wconf 89' lang='lat' dir='ltr'>(Const.</span> <span class='ocrx_word' id='word_1_142' title='bbox 522 1290 565 1331; x_wconf 88' lang='lat' dir='ltr'>p.</span> <span class='ocrx_word' id='word_1_143' title='bbox 599 1277 638 1318; x_wconf 86' lang='lat'>4.</span> <span class='ocrx_word' id='word_1_144' title='bbox 673 1292 709 1318; x_wconf 90' lang='lat' dir='ltr'>c.</span> <span class='ocrx_word' id='word_1_145' title='bbox 744 1280 782 1321; x_wconf 83' lang='lat'>7.</span> <span class='ocrx_word' id='word_1_146' title='bbox 815 1293 860 1320; x_wconf 93' lang='lat' dir='ltr'>n.</span> <span class='ocrx_word' id='word_1_147' title='bbox 894 1280 951 1328; x_wconf 82' lang='lat'>2.)</span> 
     </span>
    </p>
   </div>
   <div class='ocr_carea' id='block_1_10' title="bbox 317 1357 2056 1919">
    <p class='ocr_par' dir='ltr' id='par_1_10' title="bbox 318 1357 2054 1631">
     <span class='ocr_line' id='line_1_23' title="bbox 462 1357 2053 1420; baseline 0.002 -18"><span class='ocrx_word' id='word_1_148' title='bbox 462 1357 505 1402; x_wconf 72' lang='lat'>(3.</span> <span class='ocrx_word' id='word_1_149' title='bbox 570 1358 772 1402; x_wconf 87' lang='lat' dir='ltr'>Privatis</span> <span class='ocrx_word' id='word_1_150' title='bbox 803 1362 941 1403; x_wconf 89' lang='lat' dir='ltr'>etiam</span> <span class='ocrx_word' id='word_1_151' title='bbox 973 1361 1210 1418; x_wconf 83' lang='lat' dir='ltr'>colloquiis</span> <span class='ocrx_word' id='word_1_152' title='bbox 1241 1363 1398 1405; x_wconf 87' lang='lat' dir='ltr'>eadem</span> <span class='ocrx_word' id='word_1_153' title='bbox 1431 1363 1488 1406; x_wconf 89' lang='lat' dir='ltr'>ad</span> <span class='ocrx_word' id='word_1_154' title='bbox 1524 1363 1740 1420; x_wconf 89' lang='lat' dir='ltr'>pietatem</span> <span class='ocrx_word' id='word_1_155' title='bbox 1779 1363 2053 1420; x_wconf 87' lang='lat' dir='ltr'>pertinentia</span> 
     </span>
     <span class='ocr_line' id='line_1_24' title="bbox 318 1426 2054 1489; baseline 0.006 -22"><span class='ocrx_word' id='word_1_156' title='bbox 318 1426 579 1479; x_wconf 84' lang='lat' dir='ltr'>inculcabit,</span> <span class='ocrx_word' id='word_1_157' title='bbox 612 1430 679 1473; x_wconf 86' lang='lat' dir='ltr'>ita</span> <span class='ocrx_word' id='word_1_158' title='bbox 711 1435 879 1486; x_wconf 85' lang='lat' dir='ltr'>tamen,</span> <span class='ocrx_word' id='word_1_159' title='bbox 911 1438 964 1475; x_wconf 88' lang='lat' dir='ltr'>ut</span> <span class='ocrx_word' id='word_1_160' title='bbox 994 1433 1172 1475; x_wconf 88' lang='lat' dir='ltr'>nullum</span> <span class='ocrx_word' id='word_1_161' title='bbox 1211 1434 1268 1476; x_wconf 90' lang='lat' dir='ltr'>ad</span> <span class='ocrx_word' id='word_1_162' title='bbox 1305 1433 1572 1489; x_wconf 81' lang='lat' dir='ltr'>religionem</span> <span class='ocrx_word' id='word_1_163' title='bbox 1610 1438 1811 1477; x_wconf 85' lang='lat' dir='ltr'>nostram</span> <span class='ocrx_word' id='word_1_164' title='bbox 1843 1435 2054 1478; x_wconf 85' lang='lat' dir='ltr'>videatur</span> 
     </span>
     <span class='ocr_line' id='line_1_25' title="bbox 321 1497 2053 1563; baseline 0.006 -25"><span class='ocrx_word' id='word_1_165' title='bbox 321 1497 522 1554; x_wconf 72' lang='lat' dir='ltr'>allicere,</span> <span class='ocrx_word' id='word_1_166' title='bbox 557 1501 648 1557; x_wconf 87' lang='lat' dir='ltr'>sed,</span> <span class='ocrx_word' id='word_1_167' title='bbox 673 1503 709 1544; x_wconf 88' lang='lat' dir='ltr'>si</span> <span class='ocrx_word' id='word_1_168' title='bbox 732 1504 844 1559; x_wconf 89' lang='lat' dir='ltr'>quid</span> <span class='ocrx_word' id='word_1_169' title='bbox 864 1504 1124 1561; x_wconf 85' lang='lat' dir='ltr'>hujusmodi</span> <span class='ocrx_word' id='word_1_170' title='bbox 1145 1506 1422 1561; x_wconf 87' lang='lat' dir='ltr'>cognoverit,</span> <span class='ocrx_word' id='word_1_171' title='bbox 1444 1505 1501 1548; x_wconf 86' lang='lat' dir='ltr'>ad</span> <span class='ocrx_word' id='word_1_172' title='bbox 1522 1505 1845 1549; x_wconf 84' lang='lat' dir='ltr'>confessarium</span> <span class='ocrx_word' id='word_1_173' title='bbox 1863 1506 2053 1563; x_wconf 84' lang='lat' dir='ltr'>rejiciat.</span> 
     </span>
     <span class='ocr_line' id='line_1_26' title="bbox 320 1569 911 1631; baseline 0.017 -22"><span class='ocrx_word' id='word_1_174' title='bbox 320 1569 489 1622; x_wconf 85' lang='lat' dir='ltr'>(Const.</span> <span class='ocrx_word' id='word_1_175' title='bbox 523 1587 565 1629; x_wconf 87' lang='lat' dir='ltr'>p.</span> <span class='ocrx_word' id='word_1_176' title='bbox 584 1575 625 1616; x_wconf 86' lang='lat'>4.</span> <span class='ocrx_word' id='word_1_177' title='bbox 660 1589 695 1616; x_wconf 93' lang='lat' dir='ltr'>c.</span> <span class='ocrx_word' id='word_1_178' title='bbox 717 1578 759 1619; x_wconf 84' lang='lat'>4.</span> <span class='ocrx_word' id='word_1_179' title='bbox 790 1591 836 1618; x_wconf 87' lang='lat' dir='ltr'>n.</span> <span class='ocrx_word' id='word_1_180' title='bbox 853 1578 911 1631; x_wconf 85' lang='lat'>6.)</span> 
     </span>
    </p>

    <p class='ocr_par' dir='ltr' id='par_1_11' title="bbox 317 1641 2056 1919">
     <span class='ocr_line' id='line_1_27' title="bbox 465 1641 2056 1704; baseline 0.002 -18"><span class='ocrx_word' id='word_1_181' title='bbox 465 1641 502 1686; x_wconf 71' lang='grc'><strong>7.</strong></span> <span class='ocrx_word' id='word_1_182' title='bbox 566 1644 773 1688; x_wconf 89' lang='lat' dir='ltr'>Litanias</span> <span class='ocrx_word' id='word_1_183' title='bbox 805 1647 1103 1689; x_wconf 85' lang='lat' dir='ltr'>Beatissimae</span> <span class='ocrx_word' id='word_1_184' title='bbox 1134 1647 1340 1703; x_wconf 80' lang='lat' dir='ltr'>Virginis</span> <span class='ocrx_word' id='word_1_185' title='bbox 1372 1647 1563 1690; x_wconf 82' lang='lat' dir='ltr'>sabbato</span> <span class='ocrx_word' id='word_1_186' title='bbox 1607 1647 1692 1690; x_wconf 83' lang='lat' dir='ltr'>sub</span> <span class='ocrx_word' id='word_1_187' title='bbox 1729 1663 1968 1704; x_wconf 81' lang='lat' dir='ltr'>vesperum</span> <span class='ocrx_word' id='word_1_188' title='bbox 2008 1647 2056 1689; x_wconf 92' lang='lat' dir='ltr'>in</span> 
     </span>
     <span class='ocr_line' id='line_1_28' title="bbox 318 1714 2054 1776; baseline 0.004 -23"><span class='ocrx_word' id='word_1_189' title='bbox 318 1727 398 1754; x_wconf 88' lang='lat' dir='ltr'>sua</span> <span class='ocrx_word' id='word_1_190' title='bbox 430 1714 569 1757; x_wconf 82' lang='lat' dir='ltr'>classe</span> <span class='ocrx_word' id='word_1_191' title='bbox 601 1718 783 1760; x_wconf 89' lang='lat' dir='ltr'>recitari</span> <span class='ocrx_word' id='word_1_192' title='bbox 810 1719 982 1775; x_wconf 78' lang='lat' dir='ltr'>jubeat,</span> <span class='ocrx_word' id='word_1_193' title='bbox 1014 1720 1102 1773; x_wconf 88' lang='lat' dir='ltr'>vel,</span> <span class='ocrx_word' id='word_1_194' title='bbox 1135 1719 1172 1761; x_wconf 91' lang='lat' dir='ltr'>si</span> <span class='ocrx_word' id='word_1_195' title='bbox 1204 1719 1341 1761; x_wconf 87' lang='lat' dir='ltr'>moris</span> <span class='ocrx_word' id='word_1_196' title='bbox 1373 1720 1446 1774; x_wconf 89' lang='lat' dir='ltr'>sit,</span> <span class='ocrx_word' id='word_1_197' title='bbox 1478 1719 1527 1761; x_wconf 91' lang='lat' dir='ltr'>in</span> <span class='ocrx_word' id='word_1_198' title='bbox 1558 1719 1779 1776; x_wconf 87' lang='lat' dir='ltr'>templum</span> <span class='ocrx_word' id='word_1_199' title='bbox 1801 1718 1857 1761; x_wconf 89' lang='lat' dir='ltr'>ad</span> <span class='ocrx_word' id='word_1_200' title='bbox 1878 1719 2054 1761; x_wconf 87' lang='lat' dir='ltr'>easdem</span> 
     </span>
     <span class='ocr_line' id='line_1_29' title="bbox 317 1789 2054 1847; baseline 0.003 -23"><span class='ocrx_word' id='word_1_201' title='bbox 317 1798 420 1825; x_wconf 88' lang='lat' dir='ltr'>cum</span> <span class='ocrx_word' id='word_1_202' title='bbox 453 1789 640 1830; x_wconf 90' lang='lat' dir='ltr'>caeteris</span> <span class='ocrx_word' id='word_1_203' title='bbox 673 1789 919 1832; x_wconf 88' lang='lat' dir='ltr'>audiendas</span> <span class='ocrx_word' id='word_1_204' title='bbox 952 1790 1108 1844; x_wconf 83' lang='lat' dir='ltr'>ducat3</span> <span class='ocrx_word' id='word_1_205' title='bbox 1141 1790 1359 1847; x_wconf 87' lang='lat' dir='ltr'>pietatem</span> <span class='ocrx_word' id='word_1_206' title='bbox 1391 1806 1497 1833; x_wconf 87' lang='lat' dir='ltr'>vero</span> <span class='ocrx_word' id='word_1_207' title='bbox 1529 1791 1577 1832; x_wconf 91' lang='lat' dir='ltr'>in</span> <span class='ocrx_word' id='word_1_208' title='bbox 1607 1790 1796 1832; x_wconf 86' lang='lat' dir='ltr'>eandem</span> <span class='ocrx_word' id='word_1_209' title='bbox 1815 1789 2054 1845; x_wconf 84' lang='lat' dir='ltr'>Virginem</span> 
     </span>
     <span class='ocr_line' id='line_1_30' title="bbox 319 1855 1841 1919; baseline 0.008 -25"><span class='ocrx_word' id='word_1_210' title='bbox 319 1858 362 1895; x_wconf 89' lang='lat' dir='ltr'>et</span> <span class='ocrx_word' id='word_1_211' title='bbox 395 1855 623 1912; x_wconf 83' lang='lat' dir='ltr'>Angelum</span> <span class='ocrx_word' id='word_1_212' title='bbox 655 1860 792 1903; x_wconf 89' lang='lat' dir='ltr'>etiam</span> <span class='ocrx_word' id='word_1_213' title='bbox 826 1861 1069 1904; x_wconf 84' lang='lat' dir='ltr'>Custodem</span> <span class='ocrx_word' id='word_1_214' title='bbox 1101 1861 1334 1919; x_wconf 84' lang='lat' dir='ltr'>discipulis</span> <span class='ocrx_word' id='word_1_215' title='bbox 1366 1861 1612 1917; x_wconf 79' lang='lat' dir='ltr'>diligenter</span> <span class='ocrx_word' id='word_1_216' title='bbox 1643 1861 1841 1906; x_wconf 86' lang='lat' dir='ltr'>suadeat.</span> 
     </span>
    </p>
   </div>
   <div class='ocr_carea' id='block_1_11' title="bbox 1179 336 1183 499">
    <p class='ocr_par' dir='ltr' id='par_1_12' title="bbox 1179 336 1183 499">
     <span class='ocr_line' id='line_1_31' title="bbox 1179 336 1183 499; baseline 0 2968"><span class='ocrx_word' id='word_1_217' title='bbox 1179 336 1183 499; x_wconf 95' lang='lat' dir='ltr'> </span> 
     </span>
    </p>
   </div>
   <div class='ocr_carea' id='block_1_12' title="bbox 1180 550 1184 750">
    <p class='ocr_par' dir='ltr' id='par_1_13' title="bbox 1180 550 1184 750">
     <span class='ocr_line' id='line_1_32' title="bbox 1180 550 1184 750; baseline 0 0"><span class='ocrx_word' id='word_1_218' title='bbox 1180 550 1184 750; x_wconf 95' lang='lat' dir='ltr'> </span> 
     </span>
    </p>
   </div>
   <div class='ocr_carea' id='block_1_13' title="bbox 317 1943 2056 2287">
    <p class='ocr_par' dir='ltr' id='par_1_14' title="bbox 317 1943 2056 2287">
     <span class='ocr_line' id='line_1_33' title="bbox 457 1943 2056 2003; baseline -0.003 -14"><span class='ocrx_word' id='word_1_219' title='bbox 457 1943 499 1989; x_wconf 86' lang='grc'><strong>8.</strong></span> <span class='ocrx_word' id='word_1_220' title='bbox 565 1944 830 1986; x_wconf 89' lang='lat' dir='ltr'>Lectionem</span> <span class='ocrx_word' id='word_1_221' title='bbox 886 1945 1189 2002; x_wconf 88' lang='lat' dir='ltr'>spiritualem,</span> <span class='ocrx_word' id='word_1_222' title='bbox 1230 1946 1491 2003; x_wconf 88' lang='lat' dir='ltr'>praesertim</span> <span class='ocrx_word' id='word_1_223' title='bbox 1530 1945 1585 1987; x_wconf 87' lang='lat' dir='ltr'>de</span> <span class='ocrx_word' id='word_1_224' title='bbox 1623 1945 1894 1987; x_wconf 83' lang='lat' dir='ltr'>Sanctorum</span> <span class='ocrx_word' id='word_1_225' title='bbox 1934 1943 2056 1986; x_wconf 71' lang='lat' dir='ltr'>vitis,</span> 
     </span>
     <span class='ocr_line' id='line_1_34' title="bbox 317 2015 2055 2073; baseline 0 -17"><span class='ocrx_word' id='word_1_226' title='bbox 317 2015 608 2057; x_wconf 89' lang='lat' dir='ltr'>vehementer</span> <span class='ocrx_word' id='word_1_227' title='bbox 648 2016 952 2071; x_wconf 79' lang='lat' dir='ltr'>commendet3</span> <span class='ocrx_word' id='word_1_228' title='bbox 993 2022 1149 2059; x_wconf 90' lang='lat' dir='ltr'>contra</span> <span class='ocrx_word' id='word_1_229' title='bbox 1188 2031 1293 2059; x_wconf 88' lang='lat' dir='ltr'>vero</span> <span class='ocrx_word' id='word_1_230' title='bbox 1334 2031 1426 2059; x_wconf 88' lang='lat' dir='ltr'>non</span> <span class='ocrx_word' id='word_1_231' title='bbox 1467 2016 1610 2059; x_wconf 89' lang='lat' dir='ltr'>solum</span> <span class='ocrx_word' id='word_1_232' title='bbox 1649 2016 1744 2073; x_wconf 87' lang='lat' dir='ltr'>ipse</span> <span class='ocrx_word' id='word_1_233' title='bbox 1776 2016 1834 2058; x_wconf 88' lang='lat' dir='ltr'>ab</span> <span class='ocrx_word' id='word_1_234' title='bbox 1866 2015 2055 2071; x_wconf 88' lang='lat' dir='ltr'>impuris</span> 
     </span>
     <span class='ocr_line' id='line_1_35' title="bbox 317 2085 2055 2144; baseline 0 -17"><span class='ocrx_word' id='word_1_235' title='bbox 317 2087 612 2143; x_wconf 82' lang='lat' dir='ltr'>scriptoribus</span> <span class='ocrx_word' id='word_1_236' title='bbox 644 2092 689 2130; x_wconf 86' lang='lat' dir='ltr'>et</span> <span class='ocrx_word' id='word_1_237' title='bbox 719 2089 903 2130; x_wconf 90' lang='lat' dir='ltr'>omnino</span> <span class='ocrx_word' id='word_1_238' title='bbox 935 2088 984 2130; x_wconf 92' lang='lat' dir='ltr'>in</span> <span class='ocrx_word' id='word_1_239' title='bbox 1023 2089 1186 2144; x_wconf 87' lang='lat' dir='ltr'>quibus</span> <span class='ocrx_word' id='word_1_240' title='bbox 1220 2087 1279 2129; x_wconf 89' lang='lat' dir='ltr'>sit</span> <span class='ocrx_word' id='word_1_241' title='bbox 1317 2086 1504 2143; x_wconf 81' lang='lat' dir='ltr'>aliquid,</span> <span class='ocrx_word' id='word_1_242' title='bbox 1540 2087 1661 2142; x_wconf 86' lang='lat' dir='ltr'>quod</span> <span class='ocrx_word' id='word_1_243' title='bbox 1693 2086 1823 2129; x_wconf 87' lang='lat' dir='ltr'>bonis</span> <span class='ocrx_word' id='word_1_244' title='bbox 1855 2085 2055 2128; x_wconf 88' lang='lat' dir='ltr'>moribus</span> 
     </span>
     <span class='ocr_line' id='line_1_36' title="bbox 318 2157 2053 2216; baseline -0.001 -17"><span class='ocrx_word' id='word_1_245' title='bbox 318 2173 478 2200; x_wconf 84' lang='lat' dir='ltr'>nocere</span> <span class='ocrx_word' id='word_1_246' title='bbox 511 2163 658 2214; x_wconf 87' lang='lat' dir='ltr'>queat,</span> <span class='ocrx_word' id='word_1_247' title='bbox 687 2158 924 2215; x_wconf 75' lang='lat' dir='ltr'>J&#39;uventuti</span> <span class='ocrx_word' id='word_1_248' title='bbox 954 2159 1267 2216; x_wconf 84' lang='lat' dir='ltr'>praelegendis</span> <span class='ocrx_word' id='word_1_249' title='bbox 1287 2158 1528 2212; x_wconf 85' lang='lat' dir='ltr'>abstineat,</span> <span class='ocrx_word' id='word_1_250' title='bbox 1562 2157 1638 2200; x_wconf 86' lang='lat' dir='ltr'>sed</span> <span class='ocrx_word' id='word_1_251' title='bbox 1655 2157 1711 2200; x_wconf 85' lang='lat' dir='ltr'>ab</span> <span class='ocrx_word' id='word_1_252' title='bbox 1734 2157 1894 2199; x_wconf 90' lang='lat' dir='ltr'>iisdem</span> <span class='ocrx_word' id='word_1_253' title='bbox 1917 2157 2053 2198; x_wconf 90' lang='lat' dir='ltr'>etiam</span> 
     </span>
     <span class='ocr_line' id='line_1_37' title="bbox 318 2228 2055 2287; baseline 0.001 -16"><span class='ocrx_word' id='word_1_254' title='bbox 318 2235 446 2271; x_wconf 79' lang='lat' dir='ltr'>extra</span> <span class='ocrx_word' id='word_1_255' title='bbox 479 2229 676 2272; x_wconf 82' lang='lat' dir='ltr'>scholam</span> <span class='ocrx_word' id='word_1_256' title='bbox 708 2230 911 2286; x_wconf 86' lang='lat' dir='ltr'>legendis</span> <span class='ocrx_word' id='word_1_257' title='bbox 945 2231 1203 2287; x_wconf 89' lang='lat' dir='ltr'>discipulos,</span> <span class='ocrx_word' id='word_1_258' title='bbox 1235 2245 1371 2286; x_wconf 87' lang='lat' dir='ltr'>quam</span> <span class='ocrx_word' id='word_1_259' title='bbox 1403 2229 1597 2272; x_wconf 84' lang='lat' dir='ltr'>maxime</span> <span class='ocrx_word' id='word_1_260' title='bbox 1619 2232 1783 2286; x_wconf 88' lang='lat' dir='ltr'>potest,</span> <span class='ocrx_word' id='word_1_261' title='bbox 1817 2228 2055 2272; x_wconf 85' lang='lat' dir='ltr'>deterreat.</span> 
     </span>
    </p>
   </div>
   <div class='ocr_carea' id='block_1_14' title="bbox 323 2302 891 2358">
    <p class='ocr_par' dir='ltr' id='par_1_15' title="bbox 323 2302 891 2358">
     <span class='ocr_line' id='line_1_38' title="bbox 323 2302 891 2358; baseline 0 -15"><span class='ocrx_word' id='word_1_262' title='bbox 323 2302 492 2349; x_wconf 82' lang='lat' dir='ltr'>(Const.</span> <span class='ocrx_word' id='word_1_263' title='bbox 527 2317 569 2357; x_wconf 91' lang='lat' dir='ltr'>p.</span> <span class='ocrx_word' id='word_1_264' title='bbox 603 2304 643 2344; x_wconf 84' lang='lat'>4.</span> <span class='ocrx_word' id='word_1_265' title='bbox 679 2317 713 2345; x_wconf 87' lang='lat' dir='ltr'>c.</span> <span class='ocrx_word' id='word_1_266' title='bbox 745 2304 785 2345; x_wconf 74' lang='grc' dir='ltr'><strong>ὃ.</strong></span> <span class='ocrx_word' id='word_1_267' title='bbox 819 2302 891 2358; x_wconf 87' lang='grc' dir='ltr'><strong>Ε.)</strong></span> 
     </span>
    </p>
   </div>
   <div class='ocr_carea' id='block_1_15' title="bbox 321 2371 2057 3130">
    <p class='ocr_par' dir='ltr' id='par_1_16' title="bbox 321 2371 2057 2641">
     <span class='ocr_line' id='line_1_39' title="bbox 467 2371 2057 2428; baseline -0.003 -12"><span class='ocrx_word' id='word_1_268' title='bbox 467 2372 513 2417; x_wconf 82' lang='grc'><strong>9.</strong></span> <span class='ocrx_word' id='word_1_269' title='bbox 577 2372 890 2415; x_wconf 86' lang='lat' dir='ltr'>Confessiones</span> <span class='ocrx_word' id='word_1_270' title='bbox 922 2372 1114 2428; x_wconf 87' lang='lat' dir='ltr'>singulis</span> <span class='ocrx_word' id='word_1_271' title='bbox 1153 2372 1380 2414; x_wconf 86' lang='lat' dir='ltr'>mensibus</span> <span class='ocrx_word' id='word_1_272' title='bbox 1417 2376 1469 2414; x_wconf 90' lang='lat' dir='ltr'>ut</span> <span class='ocrx_word' id='word_1_273' title='bbox 1509 2387 1536 2414; x_wconf 88' lang='lat' dir='ltr'>a</span> <span class='ocrx_word' id='word_1_274' title='bbox 1573 2371 1752 2414; x_wconf 87' lang='lat' dir='ltr'>nemine</span> <span class='ocrx_word' id='word_1_275' title='bbox 1784 2371 2057 2413; x_wconf 83' lang='lat' dir='ltr'>omittantur</span> 
     </span>
     <span class='ocr_line' id='line_1_40' title="bbox 322 2441 2056 2500; baseline -0.002 -15"><span class='ocrx_word' id='word_1_276' title='bbox 322 2444 508 2497; x_wconf 80' lang='lat' dir='ltr'>efficiat3</span> <span class='ocrx_word' id='word_1_277' title='bbox 539 2443 718 2500; x_wconf 84' lang='lat' dir='ltr'>jubebit</span> <span class='ocrx_word' id='word_1_278' title='bbox 750 2448 901 2486; x_wconf 89' lang='lat' dir='ltr'>autem</span> <span class='ocrx_word' id='word_1_279' title='bbox 942 2459 1016 2486; x_wconf 87' lang='lat' dir='ltr'>eos</span> <span class='ocrx_word' id='word_1_280' title='bbox 1057 2444 1233 2486; x_wconf 85' lang='lat' dir='ltr'>tradere</span> <span class='ocrx_word' id='word_1_281' title='bbox 1274 2458 1403 2485; x_wconf 86' lang='lat' dir='ltr'>suum</span> <span class='ocrx_word' id='word_1_282' title='bbox 1444 2442 1492 2484; x_wconf 90' lang='lat' dir='ltr'>in</span> <span class='ocrx_word' id='word_1_283' title='bbox 1531 2442 1743 2484; x_wconf 85' lang='lat' dir='ltr'>schedula</span> <span class='ocrx_word' id='word_1_284' title='bbox 1781 2441 2056 2497; x_wconf 83' lang='lat' dir='ltr'>descriptum</span> 
     </span>
     <span class='ocr_line' id='line_1_41' title="bbox 321 2512 2057 2569; baseline -0.002 -13"><span class='ocrx_word' id='word_1_285' title='bbox 321 2530 506 2567; x_wconf 74' lang='lat' dir='ltr'>nomen,</span> <span class='ocrx_word' id='word_1_286' title='bbox 556 2529 807 2569; x_wconf 86' lang='lat' dir='ltr'>cognomen</span> <span class='ocrx_word' id='word_1_287' title='bbox 854 2518 898 2556; x_wconf 86' lang='lat' dir='ltr'>et</span> <span class='ocrx_word' id='word_1_288' title='bbox 939 2514 1126 2556; x_wconf 83' lang='lat' dir='ltr'>classem</span> <span class='ocrx_word' id='word_1_289' title='bbox 1175 2512 1488 2567; x_wconf 85' lang='lat' dir='ltr'>Confessariis,</span> <span class='ocrx_word' id='word_1_290' title='bbox 1534 2518 1585 2554; x_wconf 86' lang='lat' dir='ltr'>ut</span> <span class='ocrx_word' id='word_1_291' title='bbox 1623 2512 1858 2554; x_wconf 88' lang='lat' dir='ltr'>schedulas</span> <span class='ocrx_word' id='word_1_292' title='bbox 1900 2514 2057 2568; x_wconf 85' lang='lat' dir='ltr'>postea</span> 
     </span>
     <span class='ocr_line' id='line_1_42' title="bbox 321 2583 2055 2641; baseline -0.003 -14"><span class='ocrx_word' id='word_1_293' title='bbox 321 2601 662 2639; x_wconf 68' lang='lat' dir='ltr'>recognoscens,</span> <span class='ocrx_word' id='word_1_294' title='bbox 682 2586 868 2641; x_wconf 84' lang='lat' dir='ltr'>quinam</span> <span class='ocrx_word' id='word_1_295' title='bbox 891 2585 1132 2640; x_wconf 83' lang='lat' dir='ltr'>defuerint,</span> <span class='ocrx_word' id='word_1_296' title='bbox 1165 2584 1407 2639; x_wconf 87' lang='lat' dir='ltr'>intelligat.</span> <span class='ocrx_word' id='word_1_297' title='bbox 1458 2584 1629 2639; x_wconf 84' lang='lat' dir='ltr'>(Const.</span> <span class='ocrx_word' id='word_1_298' title='bbox 1662 2598 1705 2640; x_wconf 88' lang='lat' dir='ltr'>p.</span> <span class='ocrx_word' id='word_1_299' title='bbox 1726 2587 1766 2627; x_wconf 83' lang='lat'>4.</span> <span class='ocrx_word' id='word_1_300' title='bbox 1786 2599 1821 2626; x_wconf 87' lang='lat' dir='ltr'>c.</span> <span class='ocrx_word' id='word_1_301' title='bbox 1847 2585 1913 2626; x_wconf 86' lang='lat'>16.</span> <span class='ocrx_word' id='word_1_302' title='bbox 1935 2597 1978 2623; x_wconf 90' lang='lat' dir='ltr'>n.</span> <span class='ocrx_word' id='word_1_303' title='bbox 2000 2583 2055 2636; x_wconf 90' lang='grc'><strong>1.)</strong></span> 
     </span>
    </p>

    <p class='ocr_par' dir='ltr' id='par_1_17' title="bbox 321 2653 2056 2784">
     <span class='ocr_line' id='line_1_43' title="bbox 465 2653 2056 2713; baseline -0.005 -12"><span class='ocrx_word' id='word_1_304' title='bbox 465 2656 539 2701; x_wconf 72' lang='lat'>10.</span> <span class='ocrx_word' id='word_1_305' title='bbox 605 2659 713 2698; x_wconf 73' lang='lat' dir='ltr'>Oret</span> <span class='ocrx_word' id='word_1_306' title='bbox 747 2657 895 2698; x_wconf 85' lang='lat' dir='ltr'>Deum</span> <span class='ocrx_word' id='word_1_307' title='bbox 936 2670 1065 2712; x_wconf 82' lang='lat' dir='ltr'>saepe</span> <span class='ocrx_word' id='word_1_308' title='bbox 1103 2670 1185 2713; x_wconf 85' lang='lat' dir='ltr'>pro</span> <span class='ocrx_word' id='word_1_309' title='bbox 1225 2655 1316 2697; x_wconf 88' lang='lat' dir='ltr'>suis</span> <span class='ocrx_word' id='word_1_310' title='bbox 1349 2654 1579 2711; x_wconf 83' lang='lat' dir='ltr'>discipulis</span> <span class='ocrx_word' id='word_1_311' title='bbox 1621 2669 1780 2710; x_wconf 87' lang='lat' dir='ltr'>eosque</span> <span class='ocrx_word' id='word_1_312' title='bbox 1819 2653 2056 2709; x_wconf 86' lang='lat' dir='ltr'>religiosae</span> 
     </span>
     <span class='ocr_line' id='line_1_44' title="bbox 321 2726 1083 2784; baseline -0.001 -14"><span class='ocrx_word' id='word_1_313' title='bbox 321 2728 444 2770; x_wconf 79' lang='lat' dir='ltr'>vitae</span> <span class='ocrx_word' id='word_1_314' title='bbox 476 2742 579 2768; x_wconf 73' lang='lat' dir='ltr'>suae</span> <span class='ocrx_word' id='word_1_315' title='bbox 613 2728 829 2784; x_wconf 81' lang='lat' dir='ltr'>exemplis</span> <span class='ocrx_word' id='word_1_316' title='bbox 863 2726 1083 2771; x_wconf 84' lang='lat' dir='ltr'>aedificet.</span> 
     </span>
    </p>

    <p class='ocr_par' dir='ltr' id='par_1_18' title="bbox 322 2801 2055 3130">
     <span class='ocr_line' id='line_1_45' title="bbox 468 2801 2055 2859; baseline -0.002 -15"><span class='ocrx_word' id='word_1_317' title='bbox 468 2803 538 2849; x_wconf 83' lang='lat' dir='ltr'>ll.</span> <span class='ocrx_word' id='word_1_318' title='bbox 601 2805 834 2846; x_wconf 82' lang='lat' dir='ltr'>Praefecto</span> <span class='ocrx_word' id='word_1_319' title='bbox 872 2803 1032 2846; x_wconf 87' lang='lat' dir='ltr'>horum</span> <span class='ocrx_word' id='word_1_320' title='bbox 1074 2804 1326 2846; x_wconf 87' lang='lat' dir='ltr'>studiorum</span> <span class='ocrx_word' id='word_1_321' title='bbox 1368 2802 1696 2859; x_wconf 81' lang='lat' dir='ltr'>obtemperabit</span> <span class='ocrx_word' id='word_1_322' title='bbox 1732 2801 1780 2843; x_wconf 90' lang='lat' dir='ltr'>in</span> <span class='ocrx_word' id='word_1_323' title='bbox 1822 2801 1898 2855; x_wconf 90' lang='lat' dir='ltr'>iis,</span> <span class='ocrx_word' id='word_1_324' title='bbox 1943 2815 2055 2855; x_wconf 85' lang='lat' dir='ltr'>quae</span> 
     </span>
     <span class='ocr_line' id='line_1_46' title="bbox 322 2871 2054 2930; baseline -0.003 -12"><span class='ocrx_word' id='word_1_325' title='bbox 322 2876 379 2918; x_wconf 81' lang='lat' dir='ltr'>ad</span> <span class='ocrx_word' id='word_1_326' title='bbox 419 2876 528 2917; x_wconf 84' lang='lat' dir='ltr'>haec</span> <span class='ocrx_word' id='word_1_327' title='bbox 568 2875 719 2916; x_wconf 84' lang='lat' dir='ltr'>studia</span> <span class='ocrx_word' id='word_1_328' title='bbox 762 2881 806 2917; x_wconf 88' lang='lat' dir='ltr'>et</span> <span class='ocrx_word' id='word_1_329' title='bbox 838 2874 1017 2917; x_wconf 85' lang='lat' dir='ltr'>scholae</span> <span class='ocrx_word' id='word_1_330' title='bbox 1055 2873 1338 2930; x_wconf 82' lang='lat' dir='ltr'>disciplinam</span> <span class='ocrx_word' id='word_1_331' title='bbox 1378 2874 1624 2930; x_wconf 82' lang='lat' dir='ltr'>pertinent,</span> <span class='ocrx_word' id='word_1_332' title='bbox 1665 2888 1752 2928; x_wconf 89' lang='lat' dir='ltr'>quo</span> <span class='ocrx_word' id='word_1_333' title='bbox 1800 2871 2054 2913; x_wconf 85' lang='lat' dir='ltr'>inconsulto</span> 
     </span>
     <span class='ocr_line' id='line_1_47' title="bbox 324 2941 2054 3002; baseline -0.003 -14"><span class='ocrx_word' id='word_1_334' title='bbox 324 2962 469 3002; x_wconf 88' lang='lat' dir='ltr'>neque</span> <span class='ocrx_word' id='word_1_335' title='bbox 499 2946 645 2987; x_wconf 89' lang='lat' dir='ltr'>ullum</span> <span class='ocrx_word' id='word_1_336' title='bbox 678 2945 725 2986; x_wconf 89' lang='lat' dir='ltr'>in</span> <span class='ocrx_word' id='word_1_337' title='bbox 759 2946 957 2988; x_wconf 77' lang='lat' dir='ltr'>scholam</span> <span class='ocrx_word' id='word_1_338' title='bbox 991 2945 1201 2987; x_wconf 83' lang='lat' dir='ltr'>admittet</span> <span class='ocrx_word' id='word_1_339' title='bbox 1231 2949 1310 2986; x_wconf 88' lang='lat' dir='ltr'>aut</span> <span class='ocrx_word' id='word_1_340' title='bbox 1348 2944 1569 2993; x_wconf 79' lang='lat' dir='ltr'>dimittet,</span> <span class='ocrx_word' id='word_1_341' title='bbox 1602 2959 1683 2986; x_wconf 90' lang='lat' dir='ltr'>nec</span> <span class='ocrx_word' id='word_1_342' title='bbox 1713 2943 1879 2984; x_wconf 86' lang='lat' dir='ltr'>librum</span> <span class='ocrx_word' id='word_1_343' title='bbox 1910 2941 2054 2983; x_wconf 88' lang='lat' dir='ltr'>ullum</span> 
     </span>
     <span class='ocr_line' id='line_1_48' title="bbox 323 3011 2054 3074; baseline -0.003 -15"><span class='ocrx_word' id='word_1_344' title='bbox 323 3018 538 3074; x_wconf 86' lang='lat' dir='ltr'>suscipiet</span> <span class='ocrx_word' id='word_1_345' title='bbox 586 3016 924 3073; x_wconf 79' lang='lat' dir='ltr'>explicandum,</span> <span class='ocrx_word' id='word_1_346' title='bbox 971 3031 1052 3058; x_wconf 88' lang='lat' dir='ltr'>nec</span> <span class='ocrx_word' id='word_1_347' title='bbox 1089 3016 1229 3057; x_wconf 88' lang='lat' dir='ltr'>ullam</span> <span class='ocrx_word' id='word_1_348' title='bbox 1269 3015 1414 3057; x_wconf 87' lang='lat' dir='ltr'>cuivis</span> <span class='ocrx_word' id='word_1_349' title='bbox 1457 3030 1484 3057; x_wconf 89' lang='lat' dir='ltr'>a</span> <span class='ocrx_word' id='word_1_350' title='bbox 1524 3013 1838 3058; x_wconf 86' lang='lat' dir='ltr'>communibus</span> <span class='ocrx_word' id='word_1_351' title='bbox 1875 3011 2054 3054; x_wconf 86' lang='lat' dir='ltr'>scholae</span> 
     </span>
     <span class='ocr_line' id='line_1_49' title="bbox 323 3085 1257 3130; baseline -0.003 0"><span class='ocrx_word' id='word_1_352' title='bbox 323 3086 719 3130; x_wconf 84' lang='lat' dir='ltr'>exercitationibus</span> <span class='ocrx_word' id='word_1_353' title='bbox 751 3086 1084 3129; x_wconf 78' lang='lat' dir='ltr'>immunitatem</span> <span class='ocrx_word' id='word_1_354' title='bbox 1117 3085 1257 3127; x_wconf 84' lang='lat' dir='ltr'>dabit.</span> 
     </span>
    </p>
   </div>
  </div>
 </body>
</html>
