2148 3402
208 207 250 246 R.
277 213 323 244 st.
351 209 454 244 1586.
507 207 749 252 Quaestiones
776 212 841 244 aut
867 207 1092 243 omittendae
1119 211 1186 243 aut
1211 218 1282 243 uno
1309 208 1386 243 loco
1414 210 1644 246 tractandae.
1722 198 1777 242 95

221 327 351 370 Nihil
388 326 463 369 hic
495 327 548 369 de
580 327 868 381 contritione,
917 326 995 368 sed
1027 330 1221 381 tantum,
1268 341 1326 368 an
1359 326 1480 368 Deus
1513 328 1572 368 sit
1605 343 1777 369 summe
1799 346 1834 377 Q.
1857 346 1900 370 2⁶.

78 398 335 455 diligendus
368 397 606 453 intensiue,
639 413 718 440 seu
749 398 894 440 solum
927 396 1234 451 aestimatiue3
1268 397 1390 453 quod
1421 397 1469 438 in
1502 398 1691 439 materia
1724 398 1777 440 de

76 469 355 526 poenitentia
386 484 479 512 non
510 474 752 526 repetatur.

219 540 275 582 In
312 541 501 583 materia
538 541 592 583 de
624 539 784 582 merito
817 555 909 582 non
939 540 1014 582 hic
1047 539 1317 596 disputetur,
1350 543 1504 582 Vtrum
1536 539 1776 581 retributio
1799 559 1902 589 Q.51.

77 611 340 654 meritorum
362 612 481 669 apud
503 613 648 654 Deum
668 611 728 652 sit
760 610 1004 653 secundum
1038 610 1263 653 iustitiam
1295 610 1685 665 commutatiuain,
1720 625 1778 652 an

78 682 433 725 distributiuam.

690 864 764 912 Ex
801 863 967 912 Tertia
1004 863 1162 912 Parte.

218 957 311 999 Nec
356 956 410 998 de
452 956 654 1013 potentia
703 956 996 998 obedientiali
1043 956 1226 999 videtur
1270 957 1344 1000 hie
1385 958 1626 1014 agendum,
1675 974 1778 1001 cum
1799 975 1970 1008 Q,1.A.1.

75 1027 302 1085 pertineat
334 1027 391 1069 ad
425 1031 463 1071 1.
484 1028 667 1069 Partem
699 1027 748 1069 in
780 1027 832 1078 Q.
866 1027 918 1069 de
952 1028 1285 1084 omnipotentia
1307 1029 1410 1071 Dei:
1444 1045 1528 1072 nee
1551 1031 1604 1072 de
1627 1031 1779 1072 Incar-

76 1097 275 1140 nationis
315 1098 627 1155 possibilitate,
675 1114 779 1141 eum
818 1098 875 1141 ad
907 1097 959 1147 Q..
982 1102 1021 1142 2.
1063 1098 1198 1141 huius
1229 1100 1372 1157 partis
1403 1101 1647 1157 pertineat:
1696 1117 1778 1144 nec

78 1168 133 1211 de
180 1168 471 1211 distinetione
519 1170 740 1227 suppositi
786 1174 829 1212 et
875 1174 1080 1225 naturae,
1129 1170 1207 1212 sed
1254 1172 1515 1214 remittatur
1562 1173 1621 1215 ad
1660 1173 1711 1222 Q.
1736 1176 1776 1226 3,

76 1238 290 1294 Tandem,
312 1254 370 1281 an
390 1240 449 1282 sit
466 1240 520 1281 de
535 1240 710 1282 ratione
726 1241 836 1282 boni
853 1256 897 1282 se
915 1246 1020 1284 actu
1037 1242 1385 1297 communicare,
1407 1243 1609 1299 pertinet
1627 1245 1778 1300 potius

77 1310 135 1352 ad
168 1314 206 1354 l.
229 1312 279 1353 P.
312 1311 362 1352 in
384 1311 435 1360 Q.
469 1311 523 1354 de
555 1312 759 1354 bonitate
793 1312 890 1366 Dei,
923 1313 996 1354 vel
1027 1312 1075 1354 in
1108 1312 1159 1362 Q.
1194 1313 1248 1355 de
1279 1314 1421 1356 libero
1455 1315 1644 1357 arbitrio
1676 1316 1777 1368 Dei,

217 1381 452 1432 Quomodo
481 1397 561 1425 nos
593 1381 926 1426 satisfaciamus
958 1399 1039 1440 pro
1070 1384 1280 1441 peccatiS,
1314 1389 1358 1426 et
1390 1386 1615 1441 quomodo
1648 1387 1778 1430 satis·
1799 1407 1832 1429 A.
1856 1404 1881 1430 ι).

74 1452 215 1496 factio
246 1457 401 1497 nostra
432 1454 608 1497 nitatur
639 1455 943 1497 satisfactioni
975 1454 1158 1510 Christi,
1193 1455 1428 1498 differatur
1459 1456 1508 1498 in
1538 1459 1777 1501 materiam

77 1523 131 1566 de
162 1525 464 1567 Poenitentia.

219 1596 483 1639 Omittenda
515 1597 728 1639 videntur
761 1597 900 1639 dubia
932 1597 1142 1639 Caietani
1174 1598 1228 1639 de
1261 1604 1444 1654 peccato
1478 1598 1703 1655 originali.
1798 1622 1834 1651 Α,
1855 1622 1881 1644 4.

217 1667 285 1709 De
302 1667 503 1710 aduentu
522 1668 710 1711 Messiae
728 1673 884 1711 contra
900 1669 931 1711 J
932 1669 1099 1711 udaeos
1119 1684 1212 1711 non
1233 1668 1437 1725 disputet
1456 1670 1776 1727 Scholasticus,
1799 1693 1833 1716 A.
1855 1692 1881 1716 6.

75 1737 152 1779 sed
181 1737 399 1795 interpres
432 1739 707 1796 Scripturas,
740 1754 844 1782 cum
875 1755 926 1782 ea
963 1753 1033 1782 res
1054 1739 1057 1797 l
1077 1739 1252 1782 nitatur
1283 1740 1542 1796 ScripturiS,
1577 1757 1706 1798 quae,
1740 1745 1899 1794 sip.117.

76 1809 318 1865 diligenter
363 1811 691 1865 examinentur,
732 1815 955 1868 occupant
995 1811 1191 1853 multum
1222 1812 1461 1868 temporis;
1497 1813 1535 1854 si
1568 1813 1776 1870 breuiter,

75 1897 169 1924 non
206 1886 354 1940 potest
389 1898 458 1925 res
496 1886 625 1925 tanta
661 1883 852 1925 firmiter
889 1882 1072 1939 probari
1104 1887 1289 1940 propter
1320 1884 1465 1925 multa
1497 1884 1776 1928 Judaeorum

75 1953 359 2011 subterfugia
391 1959 435 1996 et
468 1955 793 1997 cauillationes.

217 2026 292 2067 An
322 2026 371 2068 in
403 2027 499 2068 Deo
532 2026 623 2068 sint
654 2031 742 2067 tres
775 2025 1104 2080 subsistentiae,
1139 2030 1184 2067 et
1216 2040 1274 2067 an
1306 2027 1500 2068 essentia
1531 2028 1777 2071 secundum
1798 2048 1831 2081 Q.
1855 2050 1880 2074 3.

76 2111 123 2138 se
147 2096 375 2152 subsistat,
410 2113 467 2139 an
488 2113 567 2154 per
587 2097 842 2152 relationes,
874 2112 967 2139 non
987 2096 1061 2139 hic
1083 2097 1352 2154 disputetur,
1387 2098 1463 2140 sed
1496 2105 1778 2156 supponatur

79 2182 132 2209 ex
184 2171 220 2212 1.
243 2169 378 2211 Parte
415 2169 463 2210 in
495 2168 685 2211 materia
718 2168 771 2210 de
803 2168 1045 2222 Trinitate3
1093 2174 1247 2211 utrum
1280 2174 1432 2212 autem
1463 2172 1604 2227 possit
1636 2187 1777 2214 vnum

77 2239 372 2281 essentialiter
411 2240 657 2296 dependere
689 2255 715 2281 a
745 2239 904 2282 multis
935 2240 1235 2297 dependentia
1267 2242 1450 2297 causali,
1498 2249 1777 2300 supponatur

77 2323 131 2351 ex
162 2310 468 2368 Philosophia.

218 2382 322 2424 Non
354 2382 608 2439 disputetur
640 2383 692 2425 de
725 2398 816 2424 esse
849 2382 1074 2438 objectiuo
1104 2388 1261 2427 eontra
1284 2385 1482 2441 Scotum,
1516 2386 1593 2428 sed
1614 2401 1777 2444 suppo·
1797 2408 1870 2441 Q.4.
1892 2409 1967 2434 A.4.

77 2458 214 2495 natur
244 2468 299 2495 ex
335 2457 370 2497 1.
403 2454 537 2496 Parte
561 2454 610 2496 in
642 2454 693 2504 Q.
728 2453 781 2496 de
814 2454 1002 2496 scientia
1032 2455 1133 2498 Dei.

220 2524 325 2566 Non
371 2524 551 2567 videtur
595 2526 684 2567 huc
724 2526 949 2583 pertinere
996 2527 1197 2582 quaestio
1242 2527 1468 2583 Gaietani,
1518 2544 1577 2571 an
1623 2530 1775 2572 anima
1797 2551 1869 2583 (μ.
1894 2552 1968 2577 Ass.

78 2608 256 2637 reuersa
288 2595 345 2637 ad
376 2610 534 2652 corpus
565 2596 757 2639 retineat
791 2613 918 2640 suam
951 2598 1181 2655 propriam
1214 2599 1592 2643 terminationem.

220 2665 295 2707 An
348 2667 539 2709 materia
589 2668 772 2725 propria
823 2668 993 2712 formae
1045 2669 1104 2711 sit
1150 2675 1256 2712 ante
1299 2670 1547 2713 aduentum
1589 2672 1774 2728 formae,
1796 2694 1830 2718 A.
1851 2695 1876 2717 4.

79 2735 361 2793 relinquatur
391 2737 689 2796 Philosopho:
735 2739 854 2782 sicut
884 2744 928 2782 et
959 2740 1096 2796 illud,
1131 2757 1188 2784 an
1218 2742 1401 2784 realiter
1433 2747 1586 2785 totum
1616 2743 1775 2786 distin-

80 2812 247 2863 guatur
278 2824 303 2850 a
333 2809 554 2866 partibus,

221 2879 298 2923 An
329 2881 477 2923 virtus
507 2881 686 2925 heroica
717 2883 895 2926 differat
916 2884 1059 2941 specie
1079 2900 1104 2927 a
1125 2885 1297 2928 virtute
1320 2885 1619 2928 communiter
1639 2886 1773 2941 dicta,
1795 2905 1829 2936 Q.
1852 2907 1877 2930 7.

81 2956 362 3008 supponatur
395 2966 450 2993 ex
481 2952 775 3011 Philosophia
806 2956 979 3010 morali,
1012 2957 1088 2999 vel
1118 2971 1174 2999 ex
1208 2961 1245 3002 1.
1279 2961 1319 3002 2.

223 3022 299 3064 An
319 3022 580 3071 humanitas
604 3023 772 3067 Christi
793 3026 938 3068 actiue
958 3032 1196 3070 concurrat
1223 3028 1282 3071 ad
1302 3028 1578 3072 infusionem
1599 3028 1773 3084 gratiae
1794 3048 1828 3079 Q.
1843 3050 1867 3072 s.
1892 3051 1926 3074 A.
1941 3053 1966 3076 1.

81 3095 127 3134 et
156 3092 213 3135 ad
243 3108 376 3149 opera
405 3093 738 3150 miraculorum,
778 3112 878 3139 cum
909 3098 1073 3141 habeat
1104 3099 1291 3142 eandem
1323 3100 1640 3142 difficultatem
1670 3113 1772 3142 cum
