2153 3467
131 814 182 838 fol.
205 813 266 837 2222.

58 941 124 970 Reg.
148 939 240 963 Praei:

40 977 106 1000 sch.
128 977 182 1000 inf.
205 976 248 998 :5:5.

42 1161 109 1192 ng.
126 1161 235 1184 Praem,
257 1160 285 1183 9.

41 1655 85 1680 Cl.
107 1655 160 1681 inf.
180 1662 285 1679 coium.

134 1693 164 1716 R.
187 1694 213 1715 2.

79 2651 171 2676 Clasn.
193 2651 246 2675 inf.

56 2688 135 2711 stud.
160 2687 224 2718 Rvg.
245 2687 269 2711 5.

305 174 393 217 510
487 183 597 219 Ratio
626 183 831 219 studiorum
857 187 896 217 et
921 181 1172 219 institutiones
1202 183 1446 220 scholasticae
1474 184 1666 220 Societatis
1693 185 1784 222 Jesu
1807 188 1847 223 II

306 303 454 358 quoad
503 302 688 344 initium
735 306 777 344 et
825 301 960 343 finem
1009 303 1265 344 earundem.
1318 329 1368 334 2—
1417 303 1504 344 Illa
1554 303 1702 344 media
1752 303 1876 358 hora,
1923 320 2036 360 quae

306 373 536 415 ordinario
569 372 641 414 die
672 373 963 414 recreationis
996 378 1100 415 ante
1131 374 1372 430 prandium
1404 374 1550 428 datur,
1583 375 1651 416 ita
1681 374 1938 430 vsurpanda
1970 376 2037 418 Vi-

306 445 450 498 detur,
483 449 537 486 vt
566 443 716 485 media
744 444 855 486 hora
886 444 1059 485 tardius
1091 450 1219 486 eatur
1251 444 1308 486 ad
1340 460 1517 486 sacrum
1540 450 1585 486 et
1604 444 1791 486 scholas.
1845 444 2036 494 Quando

304 530 410 558 vero
443 514 802 557 extraordinaria
823 516 1038 556 recreatio
1061 515 1208 570 datur,
1240 516 1430 570 integre,
1462 515 1580 557 sicut
1601 515 1700 571 alijs
1731 515 1901 570 diebus,
1935 520 2039 558 ante

304 586 543 643 prandium
575 585 801 629 doceatur.

447 656 744 699 Sabbathinis
776 661 927 698 tamen
962 657 1120 699 diebus
1152 657 1266 699 duae
1297 658 1431 699 horae
1460 661 1563 713 post
1592 657 1833 714 prandium
1854 658 2037 699 omnino

305 728 505 769 sufficere
538 727 764 779 videntur,
797 732 849 769 vt
881 727 1074 769 antehac
1107 733 1370 770 consuetum
1403 733 1517 781 erat3
1552 729 1746 771 maxime
1783 744 1885 770 cum
1921 729 2039 785 lyta-

304 801 407 842 niae
438 800 487 840 in
518 799 742 855 plerisque
782 797 891 839 locis
919 801 924 853 Ι
953 798 1219 853 succedant,
1262 814 1375 855 quae
1414 799 1582 855 ubique
1621 799 1942 842 instaurandae
1974 799 2039 841 vi-

305 871 482 924 dentur,
515 869 594 912 vbi
627 868 858 910 commode
890 869 988 910 fieri
1019 871 1197 925 poterit.

447 940 605 991 Quoad
639 939 998 982 commissionem
1032 940 1288 982 scholarum
1321 941 1440 982 inter
1462 956 1506 982 se
1525 941 1675 983 visum
1696 945 1763 982 est
1781 942 1836 983 R.
1857 941 1906 982 P.
1930 942 2037 983 Pro-

304 1012 546 1055 uincialem
579 1010 735 1052 debere
772 1009 1025 1066 relinquere
1067 1011 1254 1054 liberam
1287 1012 1660 1069 Praeceptoribus
1699 1016 1743 1054 et
1782 1011 2039 1067 Praefectis,

304 1084 383 1126 vbi
416 1097 512 1124 mos
542 1095 635 1123 non
667 1085 734 1122 est
763 1081 1064 1124 introductus

447 1152 606 1204 Quoad
638 1152 888 1209 praemium
931 1168 985 1194 ex
1033 1154 1128 1195 sola
1159 1153 1402 1210 scriptione
1443 1153 1791 1208 decernendum,
1831 1153 2039 1196 omnibus

307 1223 613 1278 consideratis,
647 1223 831 1265 videtur
861 1224 1083 1266 seruanda
1114 1225 1305 1280 Regula.
1370 1224 1641 1280 Aduigilent
1676 1229 1829 1266 tamen
1860 1225 2041 1282 Superi-

305 1312 401 1339 ores
433 1301 478 1338 et
509 1293 750 1349 Praefecti,
782 1309 838 1335 ne
871 1294 981 1350 quid
1013 1310 1194 1337 enorme
1227 1296 1558 1350 committatur,
1593 1295 1747 1338 audito
1779 1295 1961 1351 quidem
1993 1296 2041 1337 in

305 1368 454 1424 dubijs
476 1368 787 1422 Praeceptore,
820 1380 912 1407 non
936 1371 1153 1422 tanquam
1175 1367 1339 1421 iudice,
1373 1367 1449 1409 sed
1470 1371 1652 1409 tantum
1675 1380 1756 1423 pro
1779 1366 2038 1410 directione.

304 1439 493 1481 Interim
531 1451 639 1479 vero
677 1437 759 1478 illa
796 1436 1013 1492 formula,
1063 1452 1176 1493 quae
1214 1438 1463 1494 plerunque
1502 1438 1551 1479 111
1590 1438 1679 1479 fine
1718 1438 2040 1492 Catalogorum

305 1510 506 1567 ponitur,
539 1508 806 1563 corrigenda
838 1512 905 1549 est
938 1508 991 1550 de
1023 1509 1234 1565 praemijs
1267 1509 1428 1551 dandis
1466 1509 1520 1565 ijs
1552 1508 1924 1563 adolescentibus,
1963 1508 2040 1564 qui

305 1596 350 1622 se
382 1580 544 1622 meliis
574 1594 653 1636 per
684 1594 853 1621 annum
887 1581 1122 1635 gesserint.

448 1652 512 1694 Vt
542 1655 714 1693 certum
757 1651 868 1706 quid
907 1651 962 1692 de
999 1651 1351 1708 precatiunculis
1383 1656 1633 1706 statuatur,
1675 1666 1787 1708 quae
1824 1651 1957 1693 initio
1997 1655 2041 1692 et

305 1725 394 1767 fine
427 1722 695 1776 scholarum,
727 1721 775 1763 in
808 1721 1052 1764 Rhetorica
1084 1722 1265 1778 quidem
1297 1723 1531 1778 submissa,
1564 1723 1612 1764 in
1644 1722 1744 1779 alijs
1781 1737 1888 1764 vero
1921 1722 2042 1763 clara

306 1810 417 1838 voce
448 1794 673 1848 dicuntur,
705 1793 885 1836 videtur
924 1809 1055 1836 mane
1089 1794 1224 1837 initio
1265 1794 1518 1837 scholarum
1555 1793 1838 1836 recitandum
1875 1792 2040 1849 „Veni

308 1868 353 1909 S.
388 1865 662 1923 SpirituS,
694 1865 841 1921 reple
875 1899 883 1907 .
919 1869 955 1906 .“
991 1881 1092 1908 cum
1111 1866 1311 1909 Collecta
1333 1865 1575 1920 communi,
1607 1865 1655 1907 in
1688 1865 1774 1906 fine
1797 1878 1902 1907 vero
1932 1864 2040 1906 haec

307 1937 451 1980 oratio
503 1937 686 1992 „Deus,
735 1935 891 1978 cuius
938 1936 1356 1979 misericordiae
1403 1951 1510 1978 11011
1553 1940 1636 1978 est
1680 1950 1941 1990 numerus,
1990 1938 2041 1976 et

306 2009 335 2051 b
353 2007 587 2050 onitatis
627 2006 893 2048 infinitus
937 2012 1017 2049 est
1062 2007 1372 2063 thesaurus,
1420 2007 1712 2065 piissimae
1752 2005 2039 2049 Maiestati

306 2085 432 2122 tuae
479 2093 575 2136 pro
622 2077 847 2120 collatis
887 2078 1047 2120 donis
1087 2079 1307 2134 gratias
1351 2079 1591 2135 agimuS,
1635 2083 1783 2120 tuam
1832 2090 2039 2133 semper

308 2149 654 2192 clementiam
678 2154 991 2203 exorantes,
1024 2154 1102 2205 vt,
1137 2150 1228 2206 qui
1254 2150 1575 2207 petentibus
1606 2148 1889 2206 postulata
1921 2162 2040 2190 con-

307 2222 477 2276 cedis,
509 2220 725 2263 eosdem
757 2233 862 2262 non
895 2221 1150 2263 deserens
1182 2222 1244 2263 ad
1277 2222 1518 2278 praemia
1548 2220 1736 2262 futura
1760 2219 2037 2275 disponas:

307 2308 349 2349 p.
384 2292 499 2335 Chr.
533 2293 588 2337 D.
621 2291 704 2333 N.“
742 2317 795 2322 —
830 2290 867 2333 A
918 2292 1110 2348 prandio
1161 2293 1403 2349 „Actiones
1449 2296 1624 2334 nostras
1659 2325 1666 2333 .
1702 2324 1710 2332 .
1745 2292 1782 2335 .“
1847 2290 1902 2331 In
1949 2289 2037 2330 fine

307 2378 412 2405 vero
445 2362 582 2406 hanc:
635 2361 926 2418 „Defende,
961 2378 1309 2419 quaesumus,
1343 2362 1592 2416 Domine,
1626 2362 1678 2403 B.
1712 2361 1883 2403 Maria
1913 2373 2039 2401 sem-

307 2449 398 2492 per
440 2434 674 2490 Virgine
719 2434 1130 2489 intercedente,
1177 2435 1343 2477 istam
1390 2434 1454 2476 ab
1503 2433 1651 2475 omni
1699 2430 2038 2474 aduersitate

308 2506 600 2559 familiam,
635 2510 687 2547 et
731 2510 854 2547 toto
888 2506 1054 2547 corde
1087 2505 1190 2548 tibi
1215 2509 1545 2562 prostratam
1577 2504 1642 2545 ab
1663 2502 1903 2546 hostium
1925 2515 2038 2559 pro-

307 2576 486 2634 pitius
517 2580 673 2617 tuere
706 2576 1000 2617 clementer
1030 2576 1084 2619 in
1099 2577 1272 2632 sidijs:
1306 2591 1397 2633 per
1430 2575 1545 2617 Chr.
1580 2576 1634 2616 D.
1667 2576 1739 2616 n.“

451 2647 611 2689 Visum
643 2647 867 2700 omnibus,
899 2647 1138 2703 Euangelij
1170 2647 1408 2690 lectionem
1440 2647 1598 2688 diebus
1630 2644 1926 2688 Sabbathinis
1946 2658 2037 2686 esse

309 2718 604 2772 retinendam,
637 2726 680 2759 et
701 2717 1033 2761 Gatechismum
1052 2720 1122 2761 die
1140 2719 1341 2772 Veneris,
1363 2722 1415 2759 vt
1440 2717 1644 2771 antehac,
1664 2715 2036 2774 praelegendum:

309 2791 356 2832 in
389 2793 414 2835 3
448 2789 629 2846 quidem
660 2788 950 2831 inferioribus
982 2789 1145 2832 scholis
1172 2791 1222 2832 P.
1249 2788 1415 2844 Oanisij
1450 2789 1682 2841 minorem,
1715 2787 1765 2829 111
1796 2785 2035 2843 superiori-

309 2862 393 2903 bus
424 2875 532 2903 vero
564 2860 810 2902 secundum
841 2860 1075 2915 maiorem,
1107 2859 1312 2916 nihilque
1345 2859 1622 2901 dictandum.
1685 2858 1852 2900 Vtrum
1885 2860 2035 2899 autem

308 2933 556 2989 superiores
587 2932 701 2974 duae
733 2932 909 2974 scholae
940 2932 1292 2987 coniungendae,
1327 2937 1371 2972 et
1392 2946 1450 2972 an
1483 2930 1597 2972 alius
1617 2930 1772 2971 docere
1791 2927 1933 2985 possit
1954 2927 2036 2969 Ca-

308 3004 579 3046 techismum
600 3007 776 3060 praeter
795 3003 1135 3059 Praeceptorem
1158 3002 1449 3056 ordinarium,
1477 2999 1821 3056 relinquendum
1840 2997 2035 3051 videtur,

310 3075 428 3117 sicut
457 3075 675 3117 hactenus
706 3073 756 3115 in
787 3071 976 3115 diuersis
1008 3073 1221 3129 Collegijs
1254 3073 1542 3116 obseruatum
1573 3075 1652 3114 est.
