2089 3381
610 157 654 193 R.
681 160 728 193 st.
756 156 857 192 1586.
896 154 1237 190 Commentariolus.
1716 141 1771 184 53

79 277 179 321 Nisi
216 276 352 331 dicas,
391 276 648 333 insignibus
686 280 867 318 tantum
900 274 946 317 S.
968 274 1168 316 Thomae
1203 270 1439 327 sententijs
1470 286 1562 313 esse
1593 276 1771 313 nostros

79 348 406 404 astringendos,
438 363 529 390 non
561 348 768 390 omnibus
789 345 1127 404 propemodum,
1156 344 1205 385 in
1225 343 1229 401 1
1251 342 1414 399 quibus
1433 342 1624 384 leuiores
1645 357 1774 398 quas-
1795 368 1823 391 p.
1844 358 1888 383 4⁵.

79 419 185 462 dam
224 423 399 476 oportet
437 418 685 473 admisceri,
726 419 774 460 in
813 417 976 473 quibus
1007 431 1100 457 non
1132 414 1389 467 dissidetur,
1423 417 1502 454 aut
1533 413 1628 453 sine
1660 413 1775 469 peri-

79 491 195 534 culo.
237 491 407 534 Verum
428 491 482 533 de
513 489 568 546 ijs
600 490 738 532 etiam
770 488 1025 545 experimur
1057 485 1285 529 dissideri:
1307 500 1391 527 nec
1412 484 1469 526 ad
1489 484 1774 526 concordiam

77 562 430 619 perturbandam
476 575 748 618 magnopere
800 560 999 613 interest,
1052 558 1102 599 in
1150 556 1399 613 magnisne,
1440 570 1498 597 an
1537 555 1586 596 in
1621 555 1775 610 paruis

79 632 369 690 dissideatur3
409 647 502 676 non
541 632 661 674 enim
699 632 844 673 solum
881 630 947 672 rei
987 630 1203 686 grauitas,
1244 627 1319 670 sed
1360 627 1497 669 etiam
1530 625 1774 668 aemulatio

78 704 162 746 alit
201 704 525 760 contentiones,
563 708 616 746 vt
646 717 975 758 nonnunquam
1009 701 1062 743 de
1095 715 1185 743 vno
1218 699 1440 742 vocabulo
1472 697 1776 753 loquendique

77 776 210 818 modo
235 776 522 818 acerbissima
549 774 843 817 altercatione
873 777 1114 830 pugnetur.
1143 771 1276 828 plane
1313 770 1423 827 quid
1449 770 1606 823 leuius,
1637 784 1774 825 quam

76 846 210 889 illud:
241 847 315 890 An
334 847 453 889 Deus
483 847 542 888 sit
566 847 614 888 in
637 845 795 903 spatijs
818 843 1128 900 imaginarijs‘?
1174 847 1221 884 at
1243 842 1328 884 hoc
1355 841 1504 898 ipsum
1526 845 1637 896 quot
1662 841 1776 882 solet

77 918 273 961 excitare
312 917 596 974 tragoedias?
637 932 750 973 quae
783 917 820 959 si
851 916 1085 958 nonnullis
1116 914 1324 957 ferendae
1355 918 1461 955 sunt
1493 911 1777 954 exercitatio-

76 989 148 1032 nis
179 989 339 1045 gratia,
371 1003 464 1031 non
493 993 648 1031 tamen
680 988 729 1030 in
760 987 982 1045 plurimis,
1015 1002 1072 1029 ne
1103 987 1151 1028 in
1184 985 1429 1027 leuioribus
1462 983 1657 1040 quidem,
1677 987 1776 1024 tum

77 1060 195 1117 quia,
237 1059 275 1102 si
314 1060 364 1102 in
392 1059 447 1116 ijs
488 1059 722 1102 doctrinae
753 1075 846 1102 non
877 1060 1034 1116 pietas,
1069 1063 1115 1100 at
1147 1057 1442 1100 conformitas
1473 1055 1773 1113 periclitatur,

76 1136 120 1174 et
159 1135 384 1188 utranque
414 1131 464 1173 in
503 1131 648 1188 pretio
692 1131 850 1173 haberi
888 1131 1047 1173 iubent
1091 1128 1472 1181 Constitutiones3
1514 1131 1612 1169 tum
1654 1126 1774 1182 quia,

78 1218 180 1246 cum
224 1203 274 1245 in
311 1202 366 1259 ijs
404 1207 595 1259 utraque
625 1202 764 1245 ferme
796 1217 899 1260 pars
930 1201 1227 1259 probabiliter
1259 1200 1439 1242 defendi
1469 1199 1624 1256 possit,
1659 1198 1696 1239 si
1727 1198 1775 1239 in

77 1275 263 1318 alteram
283 1275 439 1318 Nostri
459 1279 636 1332 partem
657 1274 933 1332 propendere
955 1273 1133 1327 debent,
1159 1277 1211 1315 vt
1232 1271 1391 1325 solent,
1423 1285 1515 1312 non
1548 1274 1614 1311 est
1645 1270 1774 1322 ratio,

77 1362 156 1390 cur
188 1347 232 1389 S.
264 1347 484 1390 Thomam
516 1347 735 1389 deserant.
798 1347 916 1388 Nam
947 1349 999 1387 vt
1030 1348 1204 1386 caetera
1234 1343 1360 1400 paria
1392 1343 1496 1395 sint,
1534 1341 1649 1383 illud
1686 1355 1777 1383 am-

75 1418 195 1476 plius
226 1422 305 1473 est,
339 1418 471 1475 quod,
505 1423 556 1461 vt
587 1419 681 1461 eius
713 1418 921 1461 doctrina
953 1415 1270 1459 celebrioribus
1303 1414 1580 1472 approbatur
1602 1411 1776 1454 Acade-

76 1489 194 1547 mijs,
225 1490 292 1532 ita
323 1489 470 1546 magis
501 1491 711 1546 congruit
743 1489 1171 1532 Constitutionibus.

220 1561 443 1611 Quintum
482 1566 618 1619 caput
655 1561 882 1604 enascitur
916 1576 969 1603 ex
1000 1559 1182 1617 proprio
1215 1557 1498 1615 quarundam
1530 1555 1774 1598 sententia-

76 1648 191 1689 rum,
232 1648 346 1690 quae
384 1633 766 1690 praescribuntur,
804 1632 933 1676 vitio.
997 1632 1128 1674 Aliae
1167 1644 1363 1686 namque
1395 1627 1776 1684 Philosophorum

77 1704 229 1761 potius
261 1708 381 1758 sunt,
414 1719 550 1760 quam
583 1704 936 1760 Theologorum:
970 1704 1099 1746 Aliae
1125 1703 1255 1745 iuxta
1286 1701 1330 1745 S.
1351 1700 1549 1743 Thomae
1576 1703 1776 1741 mentem

77 1775 302 1830 definitae,
341 1790 455 1832 quae
493 1780 646 1818 tamen
683 1776 740 1818 ab
781 1790 831 1818 eo
874 1775 1154 1833 discrepant:
1187 1773 1319 1816 Aliae
1349 1786 1442 1814 non
1474 1776 1569 1813 tam
1601 1769 1776 1825 aliquid

77 1846 313 1901 definiunt,
359 1862 496 1903 quam
541 1847 757 1904 loquendi
803 1862 881 1889 seu
926 1862 996 1889 res
1044 1845 1302 1902 explicandi
1348 1843 1533 1886 modum
1569 1842 1774 1884 tradunt:

76 1918 208 1961 Aliae
245 1918 438 1975 denique
476 1918 620 1961 nihilo
661 1919 808 1975 magis
845 1919 1024 1975 dignae,
1065 1932 1179 1974 quae
1214 1916 1264 1958 in
1295 1915 1449 1958 liberis
1482 1929 1560 1957 seu
1590 1913 1640 1955 in
1672 1913 1778 1955 defi-

75 1989 184 2032 nitis
205 1994 512 2046 numerentur,
534 2006 670 2047 quam
690 1991 928 2047 pleraeque
950 1990 1079 2044 aliae,
1097 1989 1100 2048 l
1120 2003 1234 2045 quae
1254 1987 1522 2045 praeteritae
1544 2001 1646 2029 cum
1667 1985 1772 2039 sint,
1794 2012 1822 2035 p.
1844 2003 1888 2028 46.

76 2061 125 2104 id
157 2067 423 2118 argumento
455 2066 534 2117 est,
567 2061 793 2117 accidisse,
836 2067 889 2105 vt
921 2061 1205 2118 quarundam
1237 2061 1461 2102 duntaxat
1490 2058 1565 2100 hic
1601 2057 1772 2099 mentio

77 2132 214 2187 fieret,
247 2137 482 2190 propterea
512 2133 634 2189 quod
666 2134 862 2190 contigit
893 2149 967 2176 eas
1000 2137 1135 2176 antea
1166 2132 1304 2176 fuisse
1335 2130 1570 2188 opiniones
1591 2143 1667 2171 sex
1688 2129 1774 2171 Pa-

78 2208 212 2259 trum,
246 2219 272 2246 a
303 2204 468 2261 quibus
500 2205 767 2262 compilatae
797 2209 916 2247 sunt.

219 2275 331 2331 Hoc,
357 2276 476 2332 quod
506 2276 814 2334 particulatim
845 2276 1058 2319 aduersus
1091 2275 1309 2332 quasdam
1341 2272 1586 2316 sententias
1619 2271 1774 2328 obijci-

78 2350 167 2401 tur,
199 2345 485 2390 distributius
516 2348 759 2403 refelletur,
793 2348 830 2390 si
857 2348 1040 2404 singula
1059 2347 1245 2390 seorsim
1266 2346 1467 2389 membra
1487 2343 1771 2403 perpendan-

78 2421 154 2460 tur
183 2417 268 2460 hoc
298 2417 390 2460 fere
419 2419 568 2462 modo.

221 2488 402 2544 „Aliae
443 2490 905 2548 Philosophorum
948 2495 1073 2534 sunt
1115 2489 1305 2547 potius
1349 2504 1507 2546 quam
1546 2489 1773 2532 Theolo-

79 2561 321 2619 gorum.“]
355 2587 411 2593 --
441 2562 566 2619 Ergo
595 2577 689 2606 non
717 2567 970 2606 tractentur
1010 2577 1036 2605 a
1064 2561 1232 2605 nostris
1261 2560 1520 2616 Theologis‚
1557 2560 1634 2603 sed
1665 2575 1774 2616 quo-

78 2631 204 2675 niam
232 2636 488 2676 tractantur
518 2634 574 2677 ab
606 2635 829 2689 omnibus,
858 2648 1009 2677 nonne
1040 2633 1291 2676 curandum
1321 2632 1423 2687 fuit,
1455 2636 1507 2675 vt
1528 2636 1774 2674 tractaren-

78 2708 155 2746 tur
185 2709 485 2760 congruenter
513 2706 701 2764 receptis
730 2705 1110 2763 Philosophorum
1141 2704 1392 2762 principiis,
1424 2718 1480 2746 ne
1506 2703 1662 2745 liceret
1682 2703 1773 2746 cui-

78 2774 192 2817 libet
229 2774 460 2831 Theologo
497 2790 664 2819 nouam
702 2777 790 2820 sibi
828 2777 1019 2820 condere
1055 2776 1424 2833 Philosophiam?
1485 2774 1685 2817 Tametsi
1723 2774 1770 2815 in

79 2845 148 2902 ijs,
187 2860 300 2902 quae
331 2846 648 2904 Philosophica
678 2853 861 2891 tantum
891 2853 1012 2903 sunt,
1043 2848 1243 2891 multum
1274 2847 1333 2889 sit
1372 2846 1578 2889 libertati
1621 2843 1772 2887 indul-

79 2921 179 2960 tum
208 2917 258 2960 in
287 2917 467 2974 Regula
495 2932 628 2962 nona.
674 2920 794 2963 Nam
825 2935 939 2976 quae
968 2919 1036 2962 ita
1057 2918 1379 2975 Philosophica
1400 2921 1519 2970 sunt,
1540 2920 1606 2971 vt,
1629 2915 1770 2957 Theo-

81 2989 242 3045 logicis
285 2989 520 3047 implicata
563 2991 847 3047 ueritatibus,
895 2990 991 3033 sine
1036 2989 1198 3033 harum
1242 2989 1419 3031 iactura
1470 2988 1551 3031 vix
1596 2985 1771 3044 possint

83 3060 235 3117 euerti,
267 3061 512 3105 oscitanter
541 3062 865 3120 praetereunda
895 3076 987 3105 non
1005 3061 1149 3116 fuere3
1173 3061 1326 3117 qualia
1347 3064 1454 3104 sunt
1474 3072 1587 3115 quae
1607 3057 1661 3099 de
1683 3055 1770 3098 Dei
