2143 3462
214 1583 243 1606 p.
265 1575 328 1600 268.

343 188 428 233 180
516 197 626 235 Ratio
652 188 856 234 studiorum
883 203 921 234 et
944 187 1199 235 institutiones
1224 188 1466 235 scholasticae
1492 193 1689 236 societatis
1715 193 1805 237 Jesu
1829 193 1868 237 11

338 332 417 376 per
463 332 508 358 se
551 316 764 372 consequi
810 320 1016 373 possunt,
1064 317 1326 359 nesciuntur
1368 317 1460 359 fere
1499 332 1525 359 a
1562 318 1762 373 Nostris,
1805 334 1900 361 non
1941 319 2037 362 sine

341 388 493 444 aliqua
523 387 792 430 eruditionis
822 387 1009 429 iactura.
1073 387 1295 438 Quocirca
1325 388 1557 444 prodesset
1588 389 1851 444 admodum,
1893 389 1932 431 si
1963 391 2036 432 cui

340 458 502 501 harum
547 472 694 500 rerum
740 457 1014 515 peritissimo
1063 458 1361 501 demandetur
1407 472 1520 500 onus
1570 459 1816 516 colligendi
1862 460 2037 517 optima

340 544 542 586 quaeque
572 528 706 571 huius
738 529 927 585 generis,
960 534 1004 570 et
1036 529 1224 570 cultiore
1256 529 1452 585 quodam
1484 531 1603 586 stylo
1623 530 1672 572 in
1694 545 1836 573 vnum
1857 530 2040 586 aliquod

341 600 606 658 opusculum
637 599 916 653 conferendi,
948 598 997 640 in
1031 614 1118 655 quo
1152 600 1487 657 explicarentur
1517 600 1639 656 leges
1671 601 1901 643 scribendi
1931 602 2040 658 Epi-

341 671 620 727 grammatis,
653 670 854 726 Elegiae,
889 669 1021 724 OdeS,
1054 670 1294 726 Eclogael,
1328 671 1512 728 Syluae,
1545 672 1827 727 Comoediae,
1847 673 2041 729 Tragoe-

342 742 462 796 diae,
509 741 782 798 Epopoeiae,
826 741 977 782 breuis
1018 741 1349 798 Chronologiae
1391 742 1530 796 rati03
1578 741 1679 798 quis
1709 743 1857 798 stylus
1888 743 2044 785 Histo-

342 814 479 866 ricus,
527 813 626 870 quis
671 812 900 866 Poenicus,
941 811 1043 867 quis
1074 813 1371 870 Epistolaris,
1416 828 1531 869 quae
1574 813 1754 855 dicendi
1796 828 1963 869 genera
2001 818 2046 855 et

342 884 605 927 huiusmodi
647 884 737 926 alia
778 883 869 925 suis
907 883 1179 925 illustranda
1217 883 1449 940 exemplis.
1513 883 1645 934 Quod
1677 884 1962 941 opusculum,
2004 884 2043 925 si

344 956 710 1009 conscriberetur,
752 955 826 996 vel
869 953 1089 1011 priuatim
1129 954 1356 1009 legeretur
1395 970 1420 997 a
1461 955 1628 997 nostris
1671 955 2044 1021 adolescentibus,

344 1027 418 1069 vel
450 1026 498 1068 in
532 1026 697 1068 Schola
729 1024 1044 1067 Humanitatis
1076 1039 1155 1081 per
1185 1025 1322 1067 horae
1352 1026 1653 1082 quadrantem
1687 1026 1882 1082 aliquem
1914 1041 2050 1084 expo-

345 1103 540 1139 neretur.

542 1538 622 1601 De
666 1535 1093 1601 vacationibus
1137 1535 1502 1600 inferiorum
1547 1535 1855 1599 classium.

1080 1669 1195 1733 Cap.
1239 1669 1318 1718 IX.

492 1763 566 1822 [1.]
602 1762 962 1817 Vacationes,
1007 1762 1087 1805 vbi
1127 1762 1219 1804 fere
1256 1777 1349 1804 non
1387 1766 1509 1816 sunt,
1543 1776 1635 1804 11011
1665 1761 1882 1805 videntur
1912 1761 2053 1803 intro-

350 1835 604 1878 ducendae:
638 1834 717 1876 vbi
748 1849 854 1876 vero
886 1838 1005 1888 sunt,
1038 1833 1106 1875 ita
1138 1837 1389 1887 seruentur,
1422 1837 1474 1875 vt
1496 1847 1549 1874 ex
1568 1832 1840 1874 Academiae
1869 1832 2051 1889 publico

350 1906 582 1958 instituto,
624 1904 745 1960 quod
783 1904 916 1945 facile
956 1904 1124 1946 mutari
1156 1919 1248 1946 non
1280 1903 1442 1960 possit,
1476 1903 1714 1945 habentur.
1776 1904 1831 1945 In
1864 1903 2054 1945 caeteris

353 1982 504 2018 autem
536 1975 645 2017 locis
677 1980 989 2031 temperentur
1021 1975 1106 2017 hoc
1137 1975 1230 2017 fere
1262 1974 1409 2016 modo.

495 2051 533 2091 2.
568 2046 874 2088 Rhetorica
906 2047 1196 2103 Superiorum
1234 2045 1508 2088 facultatum
1534 2045 1793 2089 vacationes
1825 2049 2056 2101 sequatur,

352 2118 430 2161 vbi
462 2119 582 2159 idem
617 2118 849 2159 Professor
880 2122 925 2158 et
958 2132 1089 2159 mane
1122 2118 1252 2159 docet
1283 2122 1328 2158 et
1348 2133 1372 2159 a
1394 2116 1604 2173 prandio:
1638 2132 1744 2158 nam
1776 2117 1813 2158 si
1845 2116 1979 2158 semel
2005 2115 2054 2157 in

353 2190 439 2241 die,
473 2205 554 2231 nec
585 2190 709 2231 ultra
741 2204 941 2230 mensem
974 2193 1106 2231 vacet
1137 2188 1186 2230 in
1219 2187 1328 2229 anni
1347 2188 1450 2241 fine,
1482 2202 1566 2228 nec
1599 2187 1805 2242 alternis,
1837 2187 1914 2229 sed
1947 2202 2055 2243 quo-

353 2261 463 2302 tidie
497 2262 656 2302 doceat
687 2261 770 2301 sub
802 2265 1027 2302 extremae
1061 2259 1245 2301 aestatis
1276 2258 1607 2315 pomeridianas
1627 2257 1930 2300 remissiones:
1962 2272 2051 2313 quo

353 2346 460 2373 vero
513 2336 712 2387 tempore
760 2337 928 2373 vacant
973 2331 1235 2387 Superiores
1281 2331 1465 2384 classes,
1521 2334 1721 2370 caeterae
1767 2329 1887 2371 binis
1934 2329 2055 2371 horis

355 2407 535 2443 tantum
582 2403 629 2443 in
674 2416 808 2458 opere
854 2406 1100 2456 versentur,
1149 2406 1246 2443 tum
1294 2416 1445 2455 mane,
1493 2405 1590 2442 tum
1629 2415 1824 2456 vespere.
1886 2400 2055 2443 Verum

356 2479 461 2514 ante
495 2473 749 2514 studiorum
771 2473 1089 2529 repetitionem
1114 2477 1211 2514 toto
1237 2471 1308 2514 die
1329 2476 1462 2514 vacet
1483 2471 1756 2513 Humanit
1770 2471 1881 2513 atis
1902 2470 2056 2512 classis

354 2542 502 2583 tribus
524 2543 842 2597 hebdomadis,
878 2542 1063 2584 Prima
1096 2542 1502 2584 Grammaticae
1534 2542 1730 2596 duabus3
1763 2557 1855 2585 vna
1875 2546 2054 2584 tantum

355 2613 626 2668 reliquae3
671 2614 759 2655 nisi
800 2614 877 2656 vbi
920 2619 1015 2655 toto
1054 2628 1204 2655 mense
1245 2613 1498 2670 Septembri
1539 2628 1699 2655 vacare
1739 2613 1864 2668 cogit
1901 2627 2056 2654 omnes

357 2684 584 2725 auditores
615 2686 855 2726 necessitas
887 2685 1105 2727 redeundi
1136 2686 1185 2726 in
1211 2684 1419 2742 patriam,
1452 2689 1496 2725 et
1518 2684 1762 2739 quaerendi
1782 2688 2056 2726 commeatus

358 2769 410 2795 ac
442 2760 660 2810 sumptus.

501 2829 540 2867 3.
576 2826 731 2866 Intra
762 2841 961 2867 annum
995 2840 1151 2868 omnes
1184 2825 1406 2868 ferientur
1437 2830 1534 2867 tum
1557 2841 1689 2868 mane
1710 2830 1893 2867 tantum
1916 2826 1964 2868 in
1985 2825 2056 2868 die

358 2897 794 2938 commemorationis
826 2897 1155 2938 Defunctorum
1187 2902 1231 2938 et
1262 2897 1310 2938 in
1342 2897 1473 2938 Feria
1504 2901 1666 2952 quarta
1689 2897 1922 2938 Oinerum:
1958 2902 2055 2939 tum

504 3100 513 3118 ¹
540 3098 748 3133 Wiederun·
778 3096 822 3131 im
851 3097 951 3140 Ovig.
978 3097 1228 3141 ‚‚Aeglogae“.
