2153 3467
180 489 294 512 Atrium
318 492 343 512 et

171 525 287 548 svhotne
311 526 349 548 Ιιι-

196 565 217 584 si
226 560 323 584 fanda.

151 784 306 814 Templum
330 788 355 807 et

207 827 251 842 ἰε
273 829 302 840 ’.ι

182 1071 240 1093 [¹011
246 1069 341 1093 fet-Sin.

173 1353 192 1377 E
219 1351 320 1377 1413110Ιᾶ

130 1397 146 1413 u
159 1397 184 1412 m
207 1388 357 1413 ewa-audi.

142 1566 218 1590 miss-i
227 1566 358 1597 pulornm

158 1609 245 1631 mpura
266 1609 321 1625 ιιιιιι

164 1639 315 1661 numinum,

123 1708 243 1739 Regnhu·
267 1708 358 1738 pastum

146 1744 341 1768 conflandae.

120 1993 205 2017 Vives
230 1992 363 2023 μιῑινῖυυίί

166 2029 319 2052 emmanu.

196 2896 201 2903 ⁸
216 2892 345 2916 rotvndi

373 216 460 259 370
557 226 668 261 Ratio
695 225 899 262 studiorum
926 230 963 261 et
987 224 1240 261 institutiones
1266 223 1508 260 scholasticae
1535 223 1734 260 Societatis
1758 224 1849 260 Jesu
1878 223 1916 259 II

373 346 503 400 derit,
537 349 779 402 componat
825 344 981 386 statim
1025 349 1071 386 et
1113 359 1214 386 cum
1259 345 1448 386 Rectore
1482 348 1611 399 agat,
1653 343 1689 385 si
1730 343 1839 400 quid
1871 349 1951 399 est,
1983 344 2103 400 quod

374 417 478 458 atrii
512 416 707 472 quietem
740 415 832 457 ullo
865 415 999 457 modo
1031 415 1277 472 perturbet.

513 487 590 533 44.
655 487 756 529 Non
790 486 923 528 modo
956 491 1053 527 toto
1087 485 1340 527 scholarum
1374 490 1574 542 tempore
1605 485 1653 527 in
1676 486 1790 527 atrio
1813 486 1979 528 sivein
1999 500 2105 527 con-

373 558 504 612 clavi,
526 558 645 600 unde
667 557 769 600 atrii
790 562 1054 614 prospectus
1075 560 1244 612 pateat,
1269 556 1328 597 sit
1350 556 1569 611 assiduus,
1591 571 1747 599 Verum
1772 557 1909 598 etiam
1932 556 2106 598 scholas

370 633 474 670 ante
507 629 664 670 datum
705 629 887 683 signum
928 628 983 669 ad
1021 627 1367 682 ingrediendum
1406 628 1569 669 lustret
1608 642 1871 685 semperque
1911 627 1968 670 ad
2001 628 2105 674 atrii

367 699 554 755 januam
587 700 763 742 cunctis
797 698 1066 741 exeuntibus
1097 702 1272 754 praesto
1306 698 1377 740 sit.

517 782 596 829 45.
662 783 817 836 Curet,
857 786 910 824 ut
950 781 1205 823 scholarum
1241 781 1469 836 ingressus
1514 780 1562 822 in
1599 781 1817 837 templum
1849 795 2108 836 egressusve

374 855 564 911 strepitu
597 858 759 907 careat,
793 860 837 894 et
857 867 1108 909 nunquam,
1141 851 1229 894 nisi
1246 855 1478 909 praesente
1500 851 1651 907 aliquo
1672 852 1997 907 Magistrorum
2031 856 2110 894 aut

376 926 511 967 etiam
551 925 777 982 pluribus,
817 923 1002 966 Missam
1044 923 1251 980 audiant3
1298 922 1371 964 cui
1410 937 1502 964 non
1542 923 1676 964 modo
1715 937 1868 964 omnes
1908 922 2110 979 quotidie

373 997 581 1051 religiose
615 995 840 1049 intersint,
873 995 949 1036 sed
984 995 1120 1036 etiam
1150 999 1270 1036 recte
1304 998 1438 1050 atque
1471 993 1627 1036 ordine
1659 993 1908 1036 distributi.

520 1067 598 1113 46.
663 1067 835 1108 Diebus
869 1070 914 1107 et
931 1065 1054 1107 horis
1075 1065 1130 1108 ad
1154 1065 1442 1122 excipiendas
1464 1064 1788 1122 discipulorum
1811 1065 2110 1107 confessiones

377 1138 640 1180 constitutis
673 1137 842 1192 videat,
874 1141 926 1179 ut
958 1136 1216 1179 confessarii
1256 1136 1524 1193 tempestive
1556 1135 1724 1190 adsint;
1766 1137 1986 1193 templum
2018 1136 2112 1194 ipse

377 1224 455 1266 per
485 1209 531 1250 id
563 1213 741 1265 tempus
771 1208 1056 1264 ingrediatur
1086 1207 1367 1250 indentidem
1400 1211 1628 1263 curetque,
1660 1212 1713 1250 ut
1736 1208 1935 1250 modeste
1958 1223 2008 1250 ac
2039 1207 2113 1265 pie

377 1295 421 1322 se
454 1280 602 1337 pueri¹
642 1284 816 1335 gerant.

519 1350 592 1397 47.
657 1351 724 1393 Ν6
756 1351 850 1407 ipse
884 1350 1065 1406 quidem
1098 1349 1375 1404 Praefectus,
1408 1350 1496 1392 nisi
1519 1364 1665 1407 parce,
1697 1350 1958 1407 praesertim
1991 1365 2115 1407 prae-

378 1421 625 1464 lectionum
648 1426 862 1478 tempore,
893 1437 915 1463 e
938 1421 1101 1463 scholis
1124 1421 1367 1477 discipulos
1390 1426 1568 1476 evocet;
1603 1421 1639 1463 si
1662 1421 1771 1477 quid
1790 1421 1838 1463 in
1861 1436 1912 1463 ea
1942 1436 1988 1463 re
2011 1436 2113 1478 pec-

379 1498 505 1535 cetur
538 1494 593 1535 ab
627 1493 740 1547 aliis,
774 1494 1014 1535 Rectorem
1048 1493 1245 1535 edoceat.

520 1565 598 1611 48.
662 1565 801 1606 Ν11110
841 1573 995 1606 autem
1037 1568 1239 1620 tempore
1277 1563 1601 1619 discipulorum
1645 1577 1780 1620 opera
1811 1567 1891 1606 aut
1922 1564 1978 1606 ad
2010 1564 2115 1606 scri-

382 1636 580 1678 bendum
613 1641 692 1677 aut
724 1635 780 1677 ad
812 1636 953 1676 ullam
986 1649 1080 1676 rem
1112 1635 1247 1676 aliam
1279 1640 1449 1689 utatur,
1483 1639 1562 1677 aut
1594 1634 1705 1676 alios
1737 1634 1807 1676 uti
1839 1635 1973 1677 sinat.

520 1707 601 1754 49.
664 1707 870 1762 Regulae
902 1707 1105 1748 omnium
1137 1711 1425 1748 externorum
1447 1705 1767 1762 discipulorum
1790 1720 2047 1748 communes
2067 1708 2116 1748 in

381 1779 493 1833 1000,
527 1778 605 1820 ubi
638 1778 818 1834 publice
851 1777 942 1832 legi
973 1777 1163 1834 possint,
1210 1782 1255 1817 et
1294 1777 1342 1818 in
1384 1777 1546 1832 quavis
1585 1781 1817 1834 praeterea
1848 1777 1985 1818 classe
2016 1792 2116 1834 pro-

382 1849 531 1906 palam
565 1854 670 1890 sunt
701 1848 955 1904 affigendae
987 1853 1030 1890 et
1063 1848 1276 1904 cujusque
1307 1848 1397 1890 fere
1430 1848 1594 1890 mensis
1626 1847 1760 1890 initio
1791 1848 1840 1890 in
1872 1848 2117 1890 Rhetorica
2152 1853 2153 1863 ¹

383 1920 658 1975 eaeterisque
690 1918 978 1961 inferioribus
1009 1919 1278 1961 recitandae.

525 1991 607 2038 50.
671 1990 762 2033 Ubi
800 2005 892 2031 non
931 1990 1016 2032 erit
1053 1990 1311 2032 Praefectus
1349 1990 1601 2032 studiorum
1639 1989 1931 2048 superiorum,
1963 2004 2115 2031 curam

384 2062 542 2104 subeat
573 2063 681 2118 ipse,
714 2062 904 2103 Rectore
936 2063 1172 2118 probante,
1204 2061 1555 2117 reeog11osoe11di
1589 2076 1653 2115 ea,
1686 2076 1799 2116 quae
1831 2061 2011 2117 publice
2043 2060 2115 2102 de-

385 2134 657 2187 clamantur,
695 2139 741 2173 et
785 2133 923 2174 libros
962 2133 1126 2174 nostris
1165 2132 1467 2185 scholasticiS,
1508 2131 1662 2173 eodem
1696 2131 1874 2172 conscio
1907 2131 2116 2185 Rectore,

386 2205 704 2249 distribuendi,

884 2464 1200 2530 Scribendi
1246 2463 1321 2527 ad
1365 2464 1629 2527 Examen

1182 2562 1331 2624 leges.

528 2679 564 2724 l.
627 2679 901 2733 Intelligant
932 2692 1097 2733 omnes,
1130 2679 1228 2734 ipso
1260 2676 1517 2733 scriptionis
1549 2676 1621 2719 die
1652 2677 1689 2718 si
1721 2677 1813 2733 qui,
1844 2676 1934 2718 nisi
1964 2677 2118 2732 gravi-

393 2750 472 2791 bus
489 2750 674 2791 distenti
699 2750 857 2804 causis,
890 2750 1210 2802 desiderentur,
1242 2761 1392 2790 eorum
1418 2747 1466 2788 in
1494 2747 1698 2789 examine
1718 2747 1890 2790 nullam
1909 2747 2117 2789 habitum

392 2821 445 2862 iri
480 2822 713 2862 rationem.

526 2890 569 2937 2.
635 2892 808 2933 Mature
840 2891 1113 2934 veniendum
1147 2890 1200 2932 ad
1227 2890 1437 2943 scholam,
1471 2895 1522 2931 ut
1544 2889 1768 2931 scribendi
1801 2893 2117 2944 argumentum

388 2968 432 3003 et
464 2977 528 3015 ea,
562 2977 674 3017 quae
714 2967 808 3004 tum
842 2963 1098 3005 'Praefectus
1137 2976 1214 3017 per
1256 2976 1299 3002 se
1338 2961 1408 3003 vel
1449 2976 1529 3017 per
1567 2961 1705 3002 alium
1745 2960 1996 3003 traditurus
2035 2964 2116 3014 est,

536 3118 546 3136 ¹
578 3127 622 3150 m.
652 3115 774 3160 „puori
803 3127 840 3149 se
868 3120 923 3159 g.‘·
