2089 3381
630 141 672 183 R.
699 147 744 183 st.
774 144 874 182 1536.
913 139 1254 181 Commentariolus.
1734 132 1790 180 45

242 267 442 308 Tertium
484 271 618 323 caput
656 266 847 321 emergit
886 280 940 307 ex
979 265 1122 306 nimia
1153 264 1442 306 definitarum
1481 279 1643 320 rerum,
1685 280 1795 321 quas

100 338 172 379 vel
190 337 384 379 formula
417 338 487 379 vel
513 338 556 380 S.
576 337 768 379 Thomas
800 336 949 390 habet,
983 336 1301 377 multitudine:
1336 335 1446 376 haec
1478 336 1597 377 enim
1630 342 1675 377 et
1706 352 1795 378 me-

99 407 284 449 moriam
311 409 458 450 reddit
481 409 753 465 perplexam,
779 407 914 449 anxio
941 422 1113 464 semper
1134 405 1405 459 Professore‚
1430 420 1485 447 ne
1512 406 1621 461 quid
1643 408 1795 449 forsan

98 479 146 520 in
179 479 222 521 S.
247 479 420 521 Thoma
461 480 614 530 lateat,
654 479 774 534 quod
813 479 861 520 in
902 484 1097 520 mentem
1135 491 1227 519 non
1269 477 1414 519 venit:
1466 482 1510 518 et
1543 478 1670 519 obest
1702 493 1795 535 per-

98 550 326 606 petuitati,
360 551 520 592 durum
553 552 672 591 enim
704 549 863 605 iugum
895 549 1088 601 videtur⁷
1122 564 1203 590 nec
1235 548 1460 590 durabile:
1492 553 1536 590 et
1564 550 1797 604 perturbat

100 621 385 663 concordiam
423 621 541 663 inter
578 621 855 662 Professores
896 625 941 661 et
978 620 1234 661 studiorum
1274 619 1558 673 Praefectos3
1599 634 1704 662 nam
1743 621 1793 675 si,

99 691 243 733 auctis
273 692 462 747 legibua
497 696 687 747 augetur
719 696 763 733 et
795 691 967 733 occasio
1000 691 1221 747 lapsuum,
1243 690 1397 745 augeri
1421 705 1598 746 quoque
1622 705 1796 733 necesse

99 767 165 804 est
196 762 505 804 contentiones
536 776 702 817 eorum,
737 762 815 818 qui
847 768 1032 804 monent
1063 770 1107 803 et
1139 766 1392 803 monentur.

240 833 322 875 Est
355 833 537 888 quidem
571 833 755 888 aliquod
788 848 902 875 onus
934 832 1181 876 multitudo
1214 847 1362 874 rerum
1395 833 1698 888 definitarum,
1720 833 1796 876 sed
1840 871 1845 876 .

99 904 137 946 si
170 904 291 960 quod
324 918 435 946 onus
468 909 547 958 est,
581 919 607 946 a
639 905 1055 947 Constitutionibus
1088 910 1155 946 est
1186 904 1465 961 impositum,
1499 919 1612 960 quae
1641 905 1797 961 paucis

100 989 192 1016 esse
225 979 462 1016 contentae
493 989 585 1016 non
616 980 819 1031 possunt,
852 990 954 1017 cum
987 975 1174 1017 Nostros
1206 980 1302 1017 tam
1334 975 1382 1016 in
1404 975 1471 1030 ijs,
1494 990 1608 1031 quae
1633 976 1799 1018 Catho-

99 1044 288 1087 licorum
335 1060 574 1087 consensus
617 1046 789 1102 recipit,
836 1061 974 1101 quam
1021 1047 1068 1088 in
1111 1046 1180 1102 ijs,
1232 1046 1286 1088 (10
1334 1047 1496 1102 quibus
1543 1046 1799 1103 discrepant

100 1115 329 1169 Doctores,
368 1115 558 1157 iubeant
597 1131 689 1158 esse
729 1117 982 1160 concordes.
1052 1118 1144 1160 Nec
1183 1117 1364 1172 iniuria,
1407 1117 1513 1173 quia
1551 1118 1796 1173 doctrinae,

100 1186 217 1228 sicut
257 1192 302 1228 et
339 1187 475 1240 vitae,
514 1186 731 1244 perfectio
765 1188 920 1230 multis
952 1188 1148 1244 indiget:
1181 1192 1418 1245 propterea
1448 1203 1531 1230 nec
1564 1188 1657 1230 vlla
1688 1203 1798 1245 gens

99 1257 305 1313 pluribus
344 1258 522 1313 legibus
560 1263 773 1314 arctatur,
816 1274 952 1316 quam
994 1259 1266 1314 Christiana,
1305 1275 1387 1302 nec
1425 1260 1577 1316 aliqua
1616 1260 1798 1316 Religio

100 1328 245 1384 magis
276 1328 449 1384 ligatur
479 1331 583 1383 suis,
617 1345 752 1386 quam
783 1331 949 1373 nostris
981 1346 1063 1373 nos
1095 1330 1509 1373 Constitutionibus
1529 1337 1574 1373 et
1595 1330 1797 1373 decretis,

101 1399 205 1442 Non
242 1399 397 1456 itaque
436 1401 730 1443 metuendum
763 1407 842 1456 est,
874 1417 930 1444 ne
960 1402 1046 1444 hoc
1078 1417 1203 1456 onus,
1238 1402 1358 1458 quod
1390 1418 1416 1444 a
1448 1402 1800 1444 Constitutioni-

101 1470 185 1513 bus
224 1476 374 1513 ortum
414 1472 567 1526 habet,
608 1472 812 1515 durabile
852 1488 944 1515 non
986 1473 1045 1514 sit
1086 1474 1206 1530 apud
1250 1488 1335 1527 eos,
1370 1473 1534 1529 quibus
1568 1474 1798 1515 Constitu-

102 1542 280 1584 tionum
312 1543 646 1585 obseruantiam
678 1558 848 1600 semper
880 1544 928 1585 in
965 1544 1113 1600 precio
1150 1543 1355 1585 futuram
1395 1558 1487 1585 esse
1519 1544 1799 1589 confidimus.

104 1613 304 1655 Tametsi
335 1628 417 1656 nec
448 1629 581 1669 noua,
615 1630 697 1657 nec
728 1615 985 1671 singularis,
1017 1630 1099 1657 000
1132 1629 1317 1657 onerosa
1350 1615 1527 1657 Nostris
1558 1615 1704 1657 videri
1727 1615 1801 1657 de-

102 1683 206 1726 beat
243 1684 352 1726 haec
392 1685 653 1740 multitudo,
695 1687 801 1741 quia
833 1700 925 1728 non
956 1686 1106 1728 minus
1136 1701 1419 1728 numerosam
1454 1686 1651 1728 tolerant
1684 1687 1800 1728 aliae

103 1769 279 1811 quoque
321 1756 562 1812 religiones
603 1756 777 1799 iuratae
821 1757 869 1798 in
913 1757 1052 1799 verba
1099 1757 1143 1800 S.
1174 1757 1384 1812 Thomae,
1432 1757 1505 1799 vel
1547 1757 1685 1813 Scoti,
1725 1758 1800 1801 vel

103 1826 302 1881 alteriuS,
346 1842 447 1869 cum
488 1828 750 1883 praesertim
790 1828 942 1870 Nostri
982 1843 1074 1870 non
1116 1828 1461 1884 adstringantur
1503 1829 1561 1870 ad
1602 1829 1801 1871 rationes

105 1896 149 1939 S.
178 1897 390 1953 Thomae,
429 1913 539 1954 quas
578 1899 720 1955 aliqui
758 1899 980 1955 Religiosi
1018 1901 1175 1942 Patres
1208 1899 1371 1941 acriter
1403 1905 1588 1942 tuentur
1618 1900 1800 1956 passim,

102 1982 184 2009 nec
216 1968 378 2022 minus,
412 1984 547 2025 quam
580 1971 899 2012 conclusiones.
941 1970 1029 2020 Qui
1055 1971 1093 2013 si
1113 1971 1301 2013 liberam
1334 1972 1503 2013 habent
1533 1972 1577 2014 S.
1600 1971 1800 2013 Thomae

103 2038 538 2097 interpretationem,
576 2042 731 2084 Nostri
762 2057 868 2084 vero
901 2047 1064 2084 certam
1100 2043 1149 2084 in
1180 2043 1337 2099 paucis
1368 2043 1668 2098 grauioribus,
1708 2057 1801 2085 non

104 2115 170 2152 est
212 2112 331 2167 quod
364 2127 516 2154 eorum
549 2113 798 2156 aliorumve
829 2113 990 2155 maiori
1020 2113 1258 2156 inuideant
1289 2114 1512 2156 libertati:
1547 2114 1658 2156 haec
1679 2114 1801 2157 enim

104 2196 240 2237 quam
285 2182 485 2239 ipsorum
529 2185 773 2226 nonnullos
817 2185 959 2226 faciat
990 2185 1215 2227 discordes
1246 2186 1296 2227 in
1328 2184 1575 2240 scribendo,
1609 2186 1801 2227 audaces

102 2252 152 2294 in
182 2253 467 2309 inueniendo,
499 2269 659 2311 parum
691 2255 858 2298 solidos
889 2256 938 2297 in
970 2256 1168 2298 docendo
1196 2270 1535 2312 nonnunquam,
1559 2256 1801 2299 obscurum

104 2338 195 2367 000
227 2330 306 2370 est.

244 2398 316 2440 Ex
355 2397 440 2443 hac
479 2413 582 2442 vero
620 2399 915 2443 multitudine
955 2398 992 2441 si
1024 2398 1124 2456 quis
1157 2399 1331 2443 accidet
1361 2399 1603 2443 memoriae
1634 2399 1800 2456 lapsus,

105 2474 172 2511 est
208 2469 286 2512 ille
324 2471 505 2527 quidem
537 2477 582 2514 et
615 2472 875 2528 infrequens
908 2476 951 2514 et
988 2472 1115 2526 leuis,
1155 2477 1199 2513 et
1230 2472 1361 2514 facile
1394 2471 1652 2528 corrigitur:
1687 2475 1731 2512 et
1762 2471 1800 2512 si

105 2543 237 2584 semel
277 2548 355 2584 aut
391 2542 555 2585 iterum
586 2545 592 2598 Ι
626 2544 883 2600 perlegatur
920 2543 1031 2585 haec
1068 2542 1275 2597 formula,
1314 2543 1520 2585 haerebit
1560 2543 1649 2585 fere
1688 2541 1799 2585 viris
1841 2579 1847 2586 .
1905 2578 1912 2585 .

106 2613 262 2657 doctis,
324 2614 441 2655 Nam
478 2614 531 2656 de
570 2615 615 2659 S.
642 2615 839 2656 Thomae
877 2614 1124 2670 0001001110,
1166 2629 1280 2670 quae
1316 2615 1661 2670 vulgatissimae
1694 2617 1800 2655 sunt

105 2684 179 2726 vel
209 2699 287 2741 per
318 2699 362 2726 se
393 2685 466 2727 vel
496 2700 575 2742 per
606 2685 908 2743 interpretum
941 2701 1135 2743 operam,
1168 2686 1314 2728 facilis
1342 2686 1514 2728 suberit
1533 2684 1797 2729 recordatio.

246 2755 378 2806 Quod
420 2761 572 2798 autem
614 2756 668 2798 de
705 2757 1015 2800 Professorum
1054 2762 1100 2799 et
1131 2756 1469 2799 Praefectorum
1509 2756 1797 2799 contentione

107 2826 286 2881 dicitur,
317 2827 566 2883 retorqueri
594 2827 724 2870 facile
744 2834 910 2885 potest:
931 2828 1097 2871 idcirco
1119 2843 1314 2884 namque
1333 2827 1519 2883 indigne
1542 2828 1611 2869 illi
1632 2827 1797 2880 ferunt,

108 2897 145 2940 si
176 2903 455 2951 moneantur,
490 2899 610 2954 quod
641 2914 693 2941 ea
724 2899 813 2941 sibi
843 2900 1001 2943 vident
1031 2899 1243 2942 interdici
1274 2914 1299 2941 a
1332 2898 1581 2952 Praefecto,
1616 2898 1670 2939 de
1702 2896 1799 2952 qui-

107 2968 205 3024 bus,
245 2984 346 3011 cum
382 2969 499 3011 nihil
537 2970 682 3013 adhuc
715 2970 825 3013 certi
858 2971 1058 3013 Societas
1091 2970 1393 3024 constituerit,
1426 2969 1510 3011 hoc
1540 2969 1637 3025 ipso
1669 2967 1800 3008 liber-

110 3044 248 3082 tatem
279 3040 460 3084 videtur
491 3040 748 3095 indulsisse3
782 3045 827 3083 et
859 3041 1105 3099 aliquando
1137 3056 1218 3084 nec
1251 3040 1468 3095 doctrina,
1501 3053 1584 3080 nec
1614 3037 1798 3093 ingenio
