2153 3467
64 311 179 336 Publici
203 315 295 337 actus.

53 607 129 639 Quid
151 608 183 631 ad
207 608 295 638 Supe-

34 643 139 667 riorem
167 644 296 667 deseren-

123 680 203 703 dum.

37 1323 178 1347 Doctrina
201 1323 301 1353 pietati

89 1358 249 1389 jungnnda.

62 1619 139 1651 Quae
160 1619 300 1648 cuiusque

127 1655 236 1679 schola.

81 1761 231 1785 Confessio
251 1765 279 1786 et

129 1797 226 1821 Missa.

110 1977 249 2002 Doctrina

91 2012 266 2037 Christiana.

93 2190 178 2214 Nulla
197 2196 285 2214 arma.

115 2403 132 2426 Α
160 2405 267 2434 qulbus

68 2440 288 2463 abstinendum.

81 2687 235 2712 Correvtor
255 2694 286 2712 ut

81 2724 275 2749 adhibendus.

315 183 400 226 458
501 194 615 229 Ratio
642 194 845 230 studiorum
874 198 911 230 et
936 195 1190 232 institutiones
1217 197 1457 233 scholasticae
1485 198 1685 236 Societatis
1710 202 1800 237 Jesu
1824 203 1862 237 H

459 312 504 358 6.
569 313 770 356 Classem
801 314 874 356 vel
907 315 1056 357 aulam
1087 316 1144 359 ad
1176 316 1381 373 publicos
1407 321 1533 359 actus
1553 316 1685 373 juxta
1707 318 2049 363 Academiarum

320 383 692 426 consuetudinem
730 385 980 427 ornandam
1019 390 1167 440 curet,
1214 386 1378 442 iisque,
1418 387 1496 443 qui
1539 388 1594 430 ad
1631 388 1887 446 hujusmodi
1926 397 2052 434 actus

322 457 400 495 aut
432 453 489 495 ad
522 469 811 511 quascunque
839 455 1167 514 disputationes
1189 457 1377 501 invitati
1397 458 1569 501 fuerint
1588 459 1683 502 sive
1703 463 2052 516 argumentandi

320 524 414 567 sive
445 540 518 566 eas
551 524 872 568 cohonestandi
905 542 1053 583 causa,
1085 529 1184 571 loca
1216 529 1473 572 distribuat.

459 607 498 653 7.
562 608 611 650 Si
644 624 777 665 quem
807 614 1064 653 nostrorum
1096 611 1249 653 abesse
1282 627 1308 653 a
1338 611 1729 668 praelectionibus,
1769 614 2050 671 repetitioni—

323 679 427 734 bus,
476 679 882 736 disputationibuS,
924 686 1005 723 aut
1045 681 1218 737 aliquid
1259 696 1411 723 eorum
1451 682 1669 738 omittere,
1710 699 1824 740 quae
1863 684 1919 726 ad
1958 690 2052 727 stu-

319 749 498 791 diorum
540 750 765 793 rationem
800 751 872 793 vel
912 766 1089 794 morum
1122 752 1407 810 disciplinam
1440 753 1683 810 pertinent,
1716 755 1959 809 notaverit,
1994 755 2050 797 ad

319 821 605 877 Superiorem
639 821 821 863 deferet.
855 823 1022 878 (183?.·
1055 825 1112 865 ad
1141 825 1374 879 Mayistros
1415 839 1524 879 vero,
1556 826 1598 867 se:
1638 827 1775 882 fucrit
1814 826 2052 883 enatemus.)

319 892 490 947 (Const.
524 908 565 950 p.
599 895 640 936 4.
674 909 709 935 c.
745 898 784 938 6.
815 908 858 935 n.
895 897 980 949 15.)

1080 1109 1296 1174 Regulae

588 1189 993 1254 Externorum
1037 1190 1403 1255 Auditorum
1448 1190 1786 1256 Societatis.

470 1321 505 1365 l.
570 1320 659 1371 Qui
691 1320 893 1363 discendi
924 1336 1060 1364 causa
1090 1321 1331 1364 Societatis
1352 1322 1462 1365 Jesu
1484 1321 1723 1378 gymnasia
1754 1322 2055 1378 frequentant,

320 1391 598 1447 intelligant,
630 1392 726 1434 Deo
754 1391 964 1448 juvante,
1007 1407 1095 1435 non
1136 1392 1287 1434 minus
1329 1397 1537 1435 curatum
1578 1391 1633 1434 iri
1672 1408 1752 1450 pro
1785 1393 1971 1448 viribus,
2006 1400 2057 1436 ut

320 1463 489 1519 pietate
522 1463 767 1521 ceterisque
799 1463 1063 1519 virtutibus,
1096 1479 1232 1520 quam
1263 1468 1316 1506 ut
1346 1463 1560 1520 ingenuis
1582 1463 1754 1506 artibus
1777 1463 2056 1507 imbuantur.

320 1535 477 1588 (Const
508 1550 550 1591 p.
583 1537 624 1579 4.
657 1551 693 1578 c.
728 1539 767 1580 7.
799 1551 843 1578 n.
880 1539 940 1591 1.;
976 1552 1012 1579 0.
1048 1539 1116 1580 16.
1148 1551 1192 1578 11.
1226 1538 1285 1590 4.)

462 1617 505 1665 2.
570 1619 684 1662 Eam
718 1620 909 1676 quisque
942 1619 1128 1661 classem
1152 1617 1478 1675 frequentabit,
1511 1634 1626 1674 quae
1657 1618 1726 1660 illi
1749 1624 1852 1675 post
1870 1633 2058 1661 examen

320 1706 346 1732 a
378 1691 613 1733 Praefecto
646 1690 785 1733 fuerit
816 1690 1060 1746 assignata.
1126 1690 1299 1747 (Const.
1331 1705 1373 1747 p.
1407 1692 1447 1733 4.
1483 1704 1519 1731 0.
1556 1692 1623 1734 13.
1656 1705 1699 1731 11.
1732 1693 1793 1744 4.)

464 1761 508 1808 3.
575 1763 781 1819 Singulis
830 1762 991 1806 saltem
1038 1761 1269 1804 mensibus
1316 1775 1469 1803 omnes
1515 1765 1699 1818 peccata
1741 1760 2056 1816 confiteantur,

320 1832 485 1875 Missae
532 1834 751 1877 sacrificio
800 1833 1005 1890 quotidie
1053 1833 1304 1876 constituta
1342 1831 1473 1886 hora,
1513 1832 1718 1874 concioni
1757 1846 1861 1874 vero
1901 1831 2056 1874 diebus

322 1904 450 1947 festis
498 1905 705 1948 decenter
748 1905 977 1949 intersint.
1040 1905 1211 1960 (Const.
1244 1919 1287 1961 p.
1321 1906 1362 1947 4.
1395 1919 1431 1946 0.
1465 1906 1506 1947 7.
1537 1918 1580 1945 n.
1615 1907 1654 1947 2.
1689 1907 1733 1945 et
1764 1918 1800 1944 c.
1836 1907 1889 1947 16
1921 1919 1965 1947 n.
2002 1907 2056 1959 1.)

466 1976 510 2023 4.
574 1977 886 2034 Explicationi
927 1976 1203 2020 Catechisrni
1251 1976 1496 2031 (doctrinm
1541 1976 1818 2029 elerisfismae)
1865 1975 2057 2031 singulis

320 2047 616 2091 hebdomadis
666 2064 820 2091 omnes
859 2049 1071 2091 intersint
1112 2047 1294 2104 ejusque
1332 2045 1648 2104 compendium
1682 2046 1902 2101 ediscant,
1942 2052 1994 2088 ut
2031 2062 2057 2089 a

320 2120 554 2175 Magistris
586 2120 724 2162 fuerit
756 2120 1069 2163 constitutum.
1133 2120 1304 2174 <Const.
1337 2134 1379 2175 p.
1405 2121 1444 2162 4.
1468 2134 1502 2161 c.
1525 2121 1562 2161 7.
1586 2132 1628 2158 11.
1649 2121 1688 2161 2.
1722 2121 1821 2165 etc.
1847 2121 1910 2162 16.
1934 2133 1977 2159 11.
2000 2121 2056 2171 2.)

465 2191 510 2237 5.
561 2192 704 2235 Nemo
723 2207 777 2234 ex
793 2191 960 2234 nostris
982 2191 1216 2248 discipulis
1233 2190 1522 2247 gymnasium
1543 2204 1644 2231 cum
1662 2187 1809 2242 armis,
1832 2188 2057 2244 gladiolis,

322 2262 478 2304 cultris
511 2268 590 2306 aut
623 2263 723 2306 aliis
755 2262 988 2320 ejusmodi,
1024 2278 1138 2319 quae
1169 2277 1250 2319 pro
1282 2261 1391 2304 locis
1419 2265 1497 2303 aut
1517 2260 1794 2317 temporibus
1814 2259 2058 2302 interdicta

321 2332 504 2388 fuerint,
538 2334 834 2389 ingrediatur.

469 2404 513 2451 6.
577 2405 854 2448 Abstineant
871 2406 1054 2448 omnino
1073 2406 1128 2448 ab
1140 2403 1447 2462 jurejurando,
1479 2418 1505 2444 a
1537 2401 1835 2456 contumeliis,
1868 2401 2058 2458 injuriis,

325 2474 694 2532 detractionibus,
727 2477 987 2532 mendaciis,
1021 2476 1142 2519 ludis
1172 2475 1343 2528 vetitiS,
1378 2490 1403 2516 a
1433 2473 1544 2517 locis
1577 2473 1714 2515 etiam
1745 2473 1894 2514 noxiis
1927 2473 1999 2515 vel
2032 2488 2058 2514 a

323 2546 555 2588 Praefecto
588 2548 842 2591 scholarum
873 2547 1149 2602 interdictis,
1194 2547 1387 2602 denique
1433 2560 1459 2586 a
1498 2543 1628 2586 robus
1668 2544 1897 2598 omnibus,
1944 2559 2057 2600 quae

324 2631 501 2658 morum
534 2618 761 2661 honestati
793 2619 1098 2662 adversentur.
1163 2619 1333 2673 (Const.
1367 2631 1410 2672 p.
1444 2618 1484 2659 4.
1519 2631 1555 2657 c.
1592 2618 1659 2659 16.
1692 2631 1735 2657 n.
1769 2617 1828 2668 4.)

465 2687 502 2733 7.
566 2690 837 2746 Intelligant
859 2690 907 2732 111
929 2690 997 2739 iis,
1032 2705 1145 2745 quae
1165 2689 1221 2731 ad
1243 2702 1386 2730 mores
1403 2702 1454 2728 ac
1475 2686 1626 2728 studia
1648 2686 1865 2728 bonarum
1889 2686 2057 2728 artium

326 2763 553 2816 spectant,
587 2775 689 2801 cum
721 2766 959 2817 praecepta
996 2761 1092 2803 sive
1123 2758 1456 2802 admonitiones
1488 2757 1638 2799 minus
1670 2757 1930 2814 proderunt,
1964 2758 2058 2798 Ma-

323 2831 488 2885 gistros
527 2831 800 2873 Correctoris
849 2847 983 2888 opera
1030 2832 1078 2873 in
1125 2830 1233 2888 ipsis
1273 2829 1515 2886 puniendis
1558 2841 1727 2870 usuros.
1774 2828 1853 2880 (M.
1897 2828 2057 2882 poeuis

324 2904 455 2943 filiam.
493 2903 653 2943 εον-μήθ
692 2917 777 2943 (msc
822 2905 1012 2955 usuros.)
1076 2901 1163 2950 Qui
1203 2904 1281 2943 aut
1320 2915 1486 2957 poenas
1526 2902 1630 2953 (aas)
1669 2898 1936 2952 recusarint,
1977 2902 2058 2939 aut

324 2989 448 3030 spem
482 2973 810 3015 emendationis
843 2987 935 3015 non
967 2971 1248 3015 ostenderint
1281 2975 1359 3014 aut
1391 2971 1576 3013 caeteris
1594 2970 1770 3012 molesti
1803 2969 1896 3011 sive
1914 2983 2059 3010 exem-

324 3044 399 3100 plo
441 3059 520 3086 suo
559 3043 798 3100 perniciosi
838 3043 1028 3098 fuerint,
1068 3043 1212 3085 sciant
1243 3058 1289 3084 se
1321 3058 1375 3084 ex
1407 3042 1573 3084 nostris
1603 3041 1764 3084 scholis
1793 3055 1885 3082 esse
1906 3038 2057 3082 dimit-

328 3114 499 3156 tendos.
564 3114 736 3169 (Const.
770 3129 811 3170 p.
835 3117 874 3158 4.
910 3129 945 3157 c.
966 3117 1003 3157 7.
1037 3129 1080 3155 n.
1105 3117 1144 3157 2.
1178 3118 1223 3155 et
1256 3129 1292 3156 c.
1319 3116 1386 3158 16.
1420 3127 1463 3154 n.
1489 3114 1545 3165 5.)
