2143 3462
175 788 203 810 q.
218 782 276 804 113.
298 783 362 806 am.

175 1433 204 1453 q.
221 1424 280 1449 11¹1.

169 2564 196 2585 (Ι.
222 2557 261 2579 10.
284 2565 309 2583 a,
332 2560 356 2582 ζ’.

303 1432 326 1448 a.
343 1426 368 1451 (ἱ.

391 208 477 251 316
562 219 671 254 Ratio
699 220 905 256 studiorum
933 226 971 257 et
996 222 1251 258 institutiones
1278 222 1523 259 scholasticae
1550 223 1746 260 Societatis
1773 225 1862 260 Jesu
1887 225 1925 260 II

536 339 701 382 Utrum
734 342 882 396 gratia
912 343 1047 399 primi
1079 343 1275 385 hominis
1307 347 1352 384 et
1382 343 1664 398 Angelorum
1704 343 1753 385 in
1784 358 1938 386 eorum
1970 359 2087 386 crea-

391 408 514 450 tione
536 410 643 452 data
665 412 814 468 fuerit,
838 414 1071 470 supposita
1087 414 1287 471 ipsorum
1310 414 1615 471 dispositione,
1637 429 1730 456 non
1757 414 1831 456 hic
1850 418 2087 470 tractetur,

391 480 467 520 sed
499 480 547 521 in
577 482 612 523 I.
647 489 786 540 parte.

529 553 632 595 Non
664 555 846 597 videtur
883 556 957 598 hic
989 558 1216 611 agendum
1255 557 1309 599 de
1347 556 1624 599 contritione
1663 555 1927 599 continuata
1961 557 2087 613 Gaje-

390 623 504 677 tani,
550 626 622 667 vel
662 626 715 668 (16
753 627 1012 669 intensione
1051 628 1193 682 Scoti,
1233 629 1463 685 pertinent
1501 628 1623 670 enim
1662 628 1719 669 ad
1759 628 1996 670 materiam
2033 628 2087 670 (16

389 696 683 750 poenitentia.

532 768 601 808 De
633 770 897 812 necessitate
927 771 1032 813 fidei
1064 771 1112 813 in
1144 771 1375 814 Christum
1408 776 1513 814 ante
1545 771 1619 814 vel
1649 775 1751 828 post
1781 770 2086 827 Evangelium

387 840 727 894 promulgatum
758 857 849 883 non
883 841 1152 898 disputetur,
1184 842 1273 884 nisi
1304 842 1353 884 in
1385 846 1410 886 2
1443 843 1503 884 Π.

531 912 698 954 Utrum
740 917 1034 968 augmentum
1072 914 1246 969 gratiae
1288 913 1419 956 detur
1460 915 1507 955 in
1539 913 1781 971 principio,
1822 928 1880 955 an
1917 913 1965 954 in
1996 913 2085 955 fine

389 982 582 1023 actionis
614 984 880 1039 meritoriae,
912 989 957 1026 et
987 988 1154 1039 utrum,
1187 986 1224 1026 si
1247 985 1447 1041 operatio
1469 985 1699 1027 meritoria
1730 984 1982 1027 successiva
2013 985 2084 1030 sit,

385 1052 482 1108 ipsa
513 1053 651 1095 etiam
684 1056 834 1110 gratia
866 1056 1115 1099 successive
1137 1061 1370 1113 augeatur,
1402 1058 1565 1100 melius
1584 1060 1870 1100 reservantur
1888 1056 1937 1099 in
1954 1071 2086 1112 quae-

387 1123 579 1166 stionem
613 1126 666 1167 de
699 1131 943 1181 augmento
976 1128 1182 1170 caritatis
1212 1129 1262 1170 in
1295 1133 1320 1173 2
1341 1129 1403 1171 H.

530 1196 596 1237 De
634 1212 822 1240 numero
859 1203 904 1240 et
942 1198 1097 1241 ordine
1139 1203 1184 1241 et
1222 1200 1488 1242 necessitate
1530 1201 1733 1243 omnium
1772 1204 1972 1254 actuum,
2005 1199 2084 1255 qui

386 1272 660 1309 concurrunt
692 1268 748 1310 ad
775 1268 1159 1326 justificationem,
1192 1270 1267 1314 hic
1298 1272 1571 1329 disputetur,
1610 1287 1702 1314 non
1732 1273 1781 1313 in
1812 1271 2000 1313 materia
2030 1271 2084 1313 de

384 1337 686 1384 Poenitentia.

530 1410 657 1452 Nihil
689 1410 763 1453 hic
802 1411 856 1453 (16
894 1412 1055 1455 merito
1089 1412 1260 1455 Christi
1293 1413 1484 1470 dicatur,
1518 1429 1619 1457 cum
1650 1414 1875 1472 pertineat
1906 1414 1964 1456 ad
1996 1413 2080 1456 ΠΙ.

387 1484 577 1536 partem.

524 1554 693 1596 Utrum
724 1570 804 1611 per
835 1556 1063 1611 quaelibet
1095 1571 1228 1613 opera
1260 1561 1481 1611 augeatur
1502 1557 1650 1614 gratia
1671 1562 1716 1599 et
1738 1557 1916 1612 caritas,
1947 1570 2082 1599 reser-

382 1628 514 1666 vetur
544 1625 592 1666 in
625 1626 863 1669 materiam
894 1627 949 1670 de
982 1628 1171 1671 caritate
1203 1628 1252 1670 in
1285 1633 1310 1672 2
1333 1629 1394 1671 Π.

913 1785 985 1833 Ex
1025 1785 1240 1834 secunda
1278 1786 1536 1835 secundae.

523 1900 627 1941 Non
665 1905 884 1944 tractetur
929 1902 1026 1957 hio,
1074 1902 1151 1944 sed
1200 1902 1320 1945 infra
1365 1903 1414 1944 in
1446 1903 1634 1945 materia
1676 1904 1731 1946 (16
1771 1903 1980 1958 caritate,
2020 1917 2077 1944 an

381 1969 545 2011 caritas
575 1971 635 2013 sit
665 1971 810 2015 forma
843 1974 1046 2016 omnium
1078 1974 1303 2016 virtutum
1334 1974 1382 2017 in
1414 1990 1587 2030 genere.

524 2042 794 2099 Disputetur
824 2044 918 2100 hic,
962 2060 1021 2087 an
1062 2045 1172 2087 fides
1210 2045 1268 2087 sit
1299 2060 1416 2088 unus
1446 2045 1648 2100 habitus3
1696 2061 1789 2088 non
1819 2049 1986 2100 tamen,
2020 2060 2079 2087 an

380 2112 440 2153 sit
471 2113 662 2170 simplex
695 2116 904 2171 qualitas.

524 2185 654 2228 Nihil
686 2187 740 2229 (16
773 2187 860 2230 fide
882 2188 1163 2244 Angelorum
1195 2188 1244 2230 in
1267 2203 1444 2243 genere,
1479 2187 1533 2229 (16
1564 2187 1648 2230 hac
1671 2187 1790 2229 enim
1818 2186 1868 2228 in
1887 2186 2077 2228 materia

380 2255 434 2296 (16
466 2255 676 2313 Angelis3
710 2259 786 2300 sed
817 2259 891 2301 hic
924 2264 1117 2314 tantum,
1150 2275 1208 2301 an
1239 2258 1379 2301 fuerit
1410 2258 1520 2300 fides
1557 2258 1606 2300 in
1637 2258 1783 2315 primo
1815 2257 2006 2313 AngeIO,
2040 2257 2078 2299 si

380 2332 476 2369 erat
507 2328 548 2370 ei
568 2329 765 2384 evidens,
798 2331 945 2372 Deum
968 2346 1059 2372 esse
1082 2331 1159 2386 qui
1181 2330 1450 2385 loquebatur
1471 2334 1516 2371 et
1536 2329 1770 2372 revelabat
1790 2329 1831 2370 ei
1847 2327 2075 2384 mysteria.

520 2400 713 2443 Nonnisi
753 2402 1035 2457 brevissime,
1078 2403 1183 2459 quia
1223 2402 1465 2445 difficultas
1507 2401 1555 2442 in
1593 2399 1785 2442 materia
1830 2399 1885 2441 (16
1927 2398 2077 2454 gratia

378 2473 611 2513 tractatur.

521 2542 734 2591 Quaestio
768 2545 821 2587 de
854 2545 1139 2602 baptizandis
1170 2543 1320 2603 pueris
1351 2543 1606 2586 infidelium
1636 2545 1889 2586 reservetur
1913 2541 1964 2584 in
1983 2556 2075 2583 ma-

377 2612 538 2654 teriam
572 2615 624 2656 (16
655 2616 903 2673 Baptismo.

519 2684 609 2726 Hic
625 2699 717 2727 non
733 2687 847 2728 fiant
860 2687 987 2743 longi
1000 2691 1219 2730 tractatus
1233 2687 1286 2728 de
1303 2689 1526 2742 potestate
1542 2684 1860 2727 Ecclesiastica
1876 2687 1921 2726 et
1935 2682 2074 2726 civili.

521 2755 713 2798 Materia
743 2757 877 2813 hujus
908 2758 1088 2802 articuli
1120 2773 1211 2800 non
1242 2758 1316 2799 hic
1346 2756 1643 2811 discutienda,
1675 2756 1752 2798 sed.
1783 2755 1832 2797 in
1851 2754 2075 2812 quaestio-

372 2824 507 2866 nibus
539 2825 593 2867 de
625 2828 789 2882 gratia,
822 2829 901 2870 ubi
940 2830 1077 2872 etiam
1120 2829 1174 2871 de
1214 2827 1508 2870 distinctione
1550 2827 1754 2870 caritatis
1789 2831 1835 2869 et
1877 2825 2071 2882 gratiae;

377 2896 454 2937 sed
486 2911 544 2938 an
577 2899 741 2939 caritas
773 2900 832 2941 sit
863 2900 1009 2942 virtus
1041 2901 1262 2957 specialis,
1294 2898 1368 2940 hio
1399 2899 1448 2941 in
1480 2904 1564 2942 art.
1598 2902 1638 2943 4.

519 2967 645 3009 Nihil
678 2969 750 3011 hic
782 2970 834 3012 de
868 2971 1157 3026 contritione,
1199 2972 1276 3014 sed
1314 2974 1514 3026 tantum,
1554 2987 1613 3014 an
1650 2972 1773 3014 Deus
1812 2971 1872 3012 sit
1903 2984 2073 3012 summe

377 3037 633 3094 diligendus
662 3040 903 3096 intensive,
937 3058 1013 3085 seu
1044 3043 1189 3086 solum
1221 3043 1525 3097 aestimative;
1566 3043 1687 3100 quod
1717 3043 1765 3098 in
1797 3042 1986 3086 materia
2018 3042 2072 3096 de

377 3109 664 3154 Poenitentia
694 3126 787 3155 non
817 3119 1057 3172 repetatur.
