2153 3467
94 1249 138 1273 Ad
160 1256 280 1273 examen

85 1285 284 1309 scribendum.

61 1546 214 1571 Examinis
231 1548 307 1578 leges

96 1583 270 1607 recttandae.

143 1832 306 1857 Praefectus

168 1870 287 1899 praesit.

71 2047 308 2078 (Tompositiones

64 2084 233 2107 tribuenda·-
246 2090 308 2107 exa-

84 2120 288 2143 nnuatoribns.

76 2284 308 2309 Examinalores.

50 2711 318 2736 Examinandonnn

114 2753 264 2771 numerus.

156 2924 283 2953 Catulum

108 2959 311 2988 cognoscendi.

330 197 418 240 360
539 207 648 241 Ratio
676 209 881 243 studiorum
908 213 947 244 et
972 209 1226 245 institutiones
1252 212 1492 246 scholasticae
1518 212 1713 248 Societatis
1738 213 1827 248 Jesu
1852 213 1890 249 H

459 324 538 370 15.
606 327 841 368 Generalis
872 329 1173 384 solemnisque
1203 329 1428 384 promotio
1461 331 1595 372 semel
1626 331 1674 371 in
1707 346 1824 373 anno
1844 336 1945 387 post
1976 347 2052 373 an-

318 397 590 438 niversarias
622 398 883 440 vacationes
916 400 1124 441 facienda
1156 403 1233 443 est.
1288 400 1338 442 Si
1370 401 1448 456 qui
1479 405 1631 443 tamen
1661 402 1797 457 longe
1828 403 2053 445 excellant

319 479 452 522 atque
484 467 532 509 in
564 470 788 524 superiore
820 470 959 511 classe
992 470 1136 525 magis
1168 484 1303 524 quam
1330 471 1377 512 in
1409 486 1490 513 sua
1521 472 1766 527 profecturi
1797 472 2050 528 videantur,

318 539 453 593 (quod
487 539 777 595 inspiciendis
818 541 1036 596 catalogis
1073 541 1375 597 rogandisque
1416 542 1647 597 Magistris
1684 546 1939 598 cognoscet)
1977 560 2052 586 ne-

319 624 548 664 quaquam
591 610 900 666 detineantur,
943 612 1019 653 sed
1059 627 1327 668 quocunque
1359 614 1467 655 anni
1502 618 1700 670 tempore
1730 617 1831 670 post
1862 630 2052 657 examen

320 680 582 735 ascendant,

319 759 464 801 (159913
498 767 772 808 quamquam
805 770 831 795 a
861 754 1005 809 prima
1029 754 1184 813 classe}
1207 762 1346 803 «1832»
1371 770 1890 812 quanquamasuprema
1907 771 2054 813 gram-

319 822 376 864 ad
416 824 760 865 Humanitatem
802 829 983 881 propter
1023 829 1165 866 artem
1187 821 1372 884 {matica
1395 826 1451 867 ad
1474 826 1816 881 humanitatem,
1838 831 1884 868 et
1899 827 1956 869 ab
1973 827 2054 870 hu—

323 894 575 947 met-ricam,
625 911 738 950 quae
786 896 979 937 secundo
1029 911 1166 937 seme·
1188 891 1426 960 {manitate
1459 897 1515 938 ad
1535 897 1807 940 rhetoricam
1828 898 1907 941 vix
1927 902 2055 954 patet

322 965 403 1006 stri
462 966 731 1022 explicatur,
790 971 835 1007 et
897 966 952 1007 ab
1000 967 1171 1009 Huma-
1210 982 1428 1009 ascensus

321 1036 467 1077 nitate
527 1037 584 1078 ad
639 1037 929 1079 Rhetoricam
990 1044 1173 1095 propter

322 1107 539 1164 Cypriani
601 1109 845 1150 summam¹
907 1109 986 1151 vix
1048 1114 1174 1166 patet

321 1194 541 1220 ascensus
1190 1187 1193 1245 l

468 1249 540 1296 14.
604 1250 677 1292 Ad
709 1267 895 1293 examen
927 1253 1061 1293 semel
1093 1257 1185 1306 aut,
1225 1251 1261 1292 si
1299 1266 1412 1308 opus
1443 1252 1522 1306 sit,
1556 1253 1720 1294 iterum
1752 1253 1809 1294 ab
1842 1253 2053 1295 omnibus

323 1321 538 1362 classibus
570 1322 718 1364 soluta
750 1323 965 1377 oratione,
999 1339 1026 1364 a
1048 1339 1253 1380 suprema
1275 1337 1379 1365 vero
1404 1323 1739 1365 Grammaticae
1770 1327 1813 1364 et
1835 1324 2056 1365 Humani-

324 1392 432 1433 tatis
454 1393 589 1434 semel
620 1394 758 1436 etiam
791 1395 1001 1449 carmine,
1034 1399 1090 1448 et,
1123 1395 1161 1436 si
1185 1395 1404 1447 videatur,
1437 1394 1572 1436 semel
1593 1409 1750 1450 graece
1781 1394 1934 1450 aliquo
1965 1394 2056 1436 die-

323 1478 422 1505 rum
454 1464 696 1507 intervallo
728 1464 776 1506 in
809 1466 973 1508 scholis
1003 1466 1290 1508 scribendum
1322 1470 1400 1507 est.

469 1547 541 1595 15.
604 1548 798 1602 Efficiat,
833 1553 883 1590 ut
915 1549 1053 1591 biduo
1076 1550 1149 1592 vel
1172 1550 1323 1592 triduo
1352 1554 1456 1591 ante
1487 1565 1675 1591 examen
1707 1549 1919 1604 Magistri
1950 1549 2054 1591 scri—

324 1620 519 1661 bendum
559 1623 675 1675 (esse)
714 1620 935 1662 examinis
967 1637 1101 1663 causa
1132 1620 1422 1672 denuncient,
1454 1620 1768 1676 scribendique
1789 1621 1846 1662 ad
1867 1635 2055 1662 examen

324 1691 445 1747 leges
477 1691 524 1733 in
558 1692 645 1733 fine
676 1691 835 1734 harum
876 1693 1135 1749 regularum
1173 1692 1348 1749 positae
1387 1691 1581 1748 singulis
1619 1691 1667 1733 in
1698 1691 1916 1734 classibus
1946 1690 2055 1732 reci-

326 1766 493 1806 tentur.

469 1832 543 1879 16.
609 1834 919 1876 Scribentibus
941 1835 1108 1890 praesit
1138 1836 1232 1892 ipse
1254 1835 1515 1877 Praefectus
1546 1840 1626 1877 aut
1647 1834 1774 1888 alius,
1806 1848 1938 1889 quem
1964 1833 2059 1889 ipse

325 1904 411 1945 sibi
432 1905 731 1947 substituerit.
783 1905 885 1959 Qui,
920 1921 1008 1961 quo
1030 1906 1101 1947 die
1122 1907 1406 1949 scribendum
1428 1911 1510 1960 est,
1542 1906 1672 1961 signo
1694 1905 1800 1947 dato
1823 1918 2060 1959 argumen-

326 1980 423 2018 tum
455 1976 590 2019 breve
619 1977 770 2032 potius
803 1992 937 2032 quam
966 1978 1155 2032 longum
1187 1979 1352 2021 tradat.

472 2047 540 2093 17.
606 2043 968 2104 Compositiones
999 2048 1047 2090 in
1078 2049 1344 2092 fasciculum
1385 2049 1541 2091 ordine
1572 2048 1803 2105 alphabeti
1835 2047 2059 2103 conjectas

328 2119 450 2175 apud
482 2134 526 2161 se
563 2118 728 2161 habeat
759 2124 814 2172 et,
849 2120 886 2161 si
918 2119 1035 2161 nihil
1066 2119 1295 2177 impediat,
1334 2120 1514 2163 dividat
1553 2118 1955 2172 examinatoribus,
1996 2122 2059 2171 ut,

329 2189 365 2230 si
396 2189 620 2244 videatur,
652 2191 800 2245 legere
830 2195 876 2233 et
907 2198 1054 2233 errata
1085 2191 1134 2233 in
1165 2192 1369 2248 margine
1400 2195 1557 2234 notare
1588 2190 1775 2248 possint.

470 2284 544 2329 18.
607 2285 950 2328 Examinatores
982 2290 1070 2328 tres
1103 2302 1198 2329 esse
1229 2290 1415 2343 oportet.
1465 2286 1594 2330 Unus
1615 2285 1700 2326 erit
1732 2289 1785 2326 ut
1813 2284 2059 2341 plurimum

331 2356 612 2410 Praefectum
648 2358 757 2399 alios
780 2358 891 2400 duos
914 2373 1063 2400 rorum
1086 2358 1404 2400 humaniorum
1426 2357 1538 2399 bene
1560 2356 1743 2413 peritos,
1780 2357 1871 2411 qui,
1892 2355 1929 2397 si
1962 2355 2058 2397 fieri

329 2430 498 2483 potest,
539 2428 746 2483 Magistri
787 2443 879 2471 non
919 2429 1032 2484 sint,
1070 2430 1238 2471 Rector
1281 2443 1382 2470 cum
1420 2427 1646 2485 praefecto
1686 2427 1942 2469 constituet.
2004 2427 2060 2468 In

331 2497 608 2540 decernendo
642 2504 793 2542 autom
825 2500 954 2557 plura
986 2500 1147 2543 horum
1179 2500 1316 2543 trium
1336 2499 1552 2554 suffragia
1573 2498 1913 2555 spectabuntur.
1966 2497 2060 2540 Ubi

333 2583 436 2610 vero
478 2569 637 2623 ingens
674 2576 740 2613 est
776 2586 1009 2626 numerus,
1051 2571 1139 2614 duo
1179 2575 1258 2613 aut
1293 2571 1424 2628 plura
1462 2570 1821 2612 examinatorum
1861 2567 2060 2610 ternaria

333 2639 550 2681 constitui
581 2641 698 2683 nihil
729 2647 868 2685 vetat.

473 2710 548 2755 19.
609 2712 743 2754 Terni
776 2713 831 2755 ad
865 2729 1052 2755 examen
1086 2718 1165 2756 aut
1195 2712 1330 2754 etiam
1368 2714 1537 2769 plureS,
1580 2727 1634 2754 ex
1673 2711 1891 2754 classibus
1931 2725 2056 2766 prae-

333 2782 485 2823 sertim
523 2781 830 2838 inferioribm,
873 2795 1137 2836 evocentur3
1178 2783 1458 2839 totidemque
1504 2783 1714 2840 deinceps
1754 2797 1780 2823 a
1821 2781 2057 2837 Magistro,

334 2857 510 2895 servato
543 2853 773 2910 alphabeti
805 2856 960 2897 ordine
993 2860 1072 2897 aut
1103 2855 1192 2897 alio
1225 2854 1537 2908 commodiore,
1570 2852 1910 2895 submittantur.

473 2922 554 2970 ‘20-
615 2924 958 2967 Examinatores
998 2926 1045 2967 in
1087 2925 1242 2982 primis
1279 2924 1515 2981 perlegant
1551 2923 1761 2979 Magistri
1801 2922 2056 2977 catalogum

334 2999 380 3036 et
410 2995 457 3036 in
491 3009 541 3036 eo
572 3001 895 3051 recognoscant
944 2995 1192 3052 adscriptas
1237 2994 1398 3050 cuique
1445 3000 1599 3050 notas,
1637 2994 1745 3036 dum
1783 2993 1840 3036 ad
1871 3007 2058 3035 examen

482 3112 491 3130 ¹
518 3122 569 3156 pr.
598 3111 900 3157 „compendium.“
