<?xml version="1.0" encoding="UTF-8"?>
<!DOCTYPE html PUBLIC "-//W3C//DTD XHTML 1.0 Transitional//EN"
    "http://www.w3.org/TR/xhtml1/DTD/xhtml1-transitional.dtd">
<html xmlns="http://www.w3.org/1999/xhtml" xml:lang="en" lang="en">
 <head>
  <title>
</title>
<meta http-equiv="Content-Type" content="text/html;charset=utf-8" />
  <meta name='ocr-system' content='tesseract 3.04.00' />
  <meta name='ocr-capabilities' content='ocr_page ocr_carea ocr_par ocr_line ocrx_word'/>
</head>
<body>
  <div class='ocr_page' id='page_1' title='image "./ratiostudiorumet05jesu_0162.png"; bbox 0 0 2143 3462; ppageno 0'>
   <div class='ocr_carea' id='block_1_1' title="bbox 256 1405 355 1430">
    <p class='ocr_par' dir='ltr' id='par_1_1' title="bbox 256 1405 355 1430">
     <span class='ocr_line' id='line_1_1' title="bbox 256 1405 355 1430; baseline -0.01 -1"><span class='ocrx_word' id='word_1_1' title='bbox 256 1417 272 1429; x_wconf 87' lang='lat'><strong>โบ.</strong></span> <span class='ocrx_word' id='word_1_2' title='bbox 294 1405 355 1430; x_wconf 77' lang='grc'>207.</span> 
     </span>
    </p>
   </div>
   <div class='ocr_carea' id='block_1_2' title="bbox 385 192 1904 238">
    <p class='ocr_par' dir='ltr' id='par_1_2' title="bbox 385 192 1904 238">
     <span class='ocr_line' id='line_1_2' title="bbox 385 192 1904 238; baseline 0.002 -5"><span class='ocrx_word' id='word_1_3' title='bbox 385 192 468 234; x_wconf 89' lang='grc'><strong>146</strong></span> <span class='ocrx_word' id='word_1_4' title='bbox 557 200 668 236; x_wconf 82' lang='lat' dir='ltr'>Ratio</span> <span class='ocrx_word' id='word_1_5' title='bbox 695 201 897 237; x_wconf 84' lang='lat' dir='ltr'><strong>studiorum</strong></span> <span class='ocrx_word' id='word_1_6' title='bbox 923 204 962 236; x_wconf 88' lang='lat' dir='ltr'><strong>et</strong></span> <span class='ocrx_word' id='word_1_7' title='bbox 985 200 1237 237; x_wconf 79' lang='lat' dir='ltr'><strong>institutiones</strong></span> <span class='ocrx_word' id='word_1_8' title='bbox 1263 200 1503 237; x_wconf 74' lang='lat' dir='ltr'><strong>scholasticae</strong></span> <span class='ocrx_word' id='word_1_9' title='bbox 1529 200 1725 237; x_wconf 84' lang='lat' dir='ltr'><strong>Soeietatis</strong></span> <span class='ocrx_word' id='word_1_10' title='bbox 1751 200 1841 238; x_wconf 88' lang='lat' dir='ltr'><strong>Jesu</strong></span> <span class='ocrx_word' id='word_1_11' title='bbox 1865 200 1904 237; x_wconf 93' lang='lat' dir='ltr'><strong>II</strong></span> 
     </span>
    </p>
   </div>
   <div class='ocr_carea' id='block_1_3' title="bbox 889 271 1930 278">
    <p class='ocr_par' dir='ltr' id='par_1_3' title="bbox 889 271 1930 278">
     <span class='ocr_line' id='line_1_3' title="bbox 889 271 1930 278; baseline 0 0"><span class='ocrx_word' id='word_1_12' title='bbox 889 271 1930 278; x_wconf 95' lang='lat' dir='ltr'><strong> </strong></span> 
     </span>
    </p>
   </div>
   <div class='ocr_carea' id='block_1_4' title="bbox 380 320 2078 2780">
    <p class='ocr_par' dir='ltr' id='par_1_4' title="bbox 380 320 2078 2780">
     <span class='ocr_line' id='line_1_4' title="bbox 382 320 2069 378; baseline 0 -16"><span class='ocrx_word' id='word_1_13' title='bbox 382 321 606 363; x_wconf 89' lang='lat' dir='ltr'><strong>deberent.</strong></span> <span class='ocrx_word' id='word_1_14' title='bbox 659 320 831 370; x_wconf 78' lang='lat' dir='ltr'><strong>Quodsi</strong></span> <span class='ocrx_word' id='word_1_15' title='bbox 851 321 899 362; x_wconf 92' lang='lat' dir='ltr'><strong>in</strong></span> <span class='ocrx_word' id='word_1_16' title='bbox 926 324 1094 363; x_wconf 81' lang='lat' dir='ltr'><strong>aestate</strong></span> <span class='ocrx_word' id='word_1_17' title='bbox 1125 335 1217 363; x_wconf 92' lang='lat' dir='ltr'><strong>non</strong></span> <span class='ocrx_word' id='word_1_18' title='bbox 1248 324 1396 378; x_wconf 86' lang='lat' dir='ltr'><strong>potest</strong></span> <span class='ocrx_word' id='word_1_19' title='bbox 1427 320 1536 375; x_wconf 90' lang='lat' dir='ltr'><strong>fieri,</strong></span> <span class='ocrx_word' id='word_1_20' title='bbox 1570 321 1659 363; x_wconf 86' lang='lat' dir='ltr'><strong>alia</strong></span> <span class='ocrx_word' id='word_1_21' title='bbox 1679 325 1920 377; x_wconf 80' lang='lat' dir='ltr'><strong>quaeratur</strong></span> <span class='ocrx_word' id='word_1_22' title='bbox 1939 321 2069 376; x_wconf 83' lang='lat' dir='ltr'><strong>ratio,</strong></span> 
     </span>
     <span class='ocr_line' id='line_1_5' title="bbox 381 391 2072 448; baseline -0.001 -14"><span class='ocrx_word' id='word_1_23' title='bbox 381 396 433 434; x_wconf 86' lang='lat' dir='ltr'><strong>vt</strong></span> <span class='ocrx_word' id='word_1_24' title='bbox 453 395 707 434; x_wconf 78' lang='lat' dir='ltr'><strong>recreentur</strong></span> <span class='ocrx_word' id='word_1_25' title='bbox 728 391 964 446; x_wconf 83' lang='lat' dir='ltr'><strong>ordinarie,</strong></span> <span class='ocrx_word' id='word_1_26' title='bbox 998 395 1041 433; x_wconf 89' lang='lat' dir='ltr'><strong>et</strong></span> <span class='ocrx_word' id='word_1_27' title='bbox 1067 391 1247 447; x_wconf 90' lang='lat' dir='ltr'><strong>quidem</strong></span> <span class='ocrx_word' id='word_1_28' title='bbox 1280 391 1406 433; x_wconf 89' lang='lat' dir='ltr'><strong>missi</strong></span> <span class='ocrx_word' id='word_1_29' title='bbox 1438 406 1463 433; x_wconf 90' lang='lat' dir='ltr'><strong>a</strong></span> <span class='ocrx_word' id='word_1_30' title='bbox 1482 391 1729 448; x_wconf 86' lang='lat' dir='ltr'><strong>Superiore,</strong></span> <span class='ocrx_word' id='word_1_31' title='bbox 1763 393 1879 435; x_wconf 88' lang='lat' dir='ltr'><strong>sicut</strong></span> <span class='ocrx_word' id='word_1_32' title='bbox 1909 391 2072 434; x_wconf 87' lang='lat' dir='ltr'><strong>caeteri</strong></span> 
     </span>
     <span class='ocr_line' id='line_1_6' title="bbox 383 462 2073 520; baseline -0.001 -15"><span class='ocrx_word' id='word_1_33' title='bbox 383 463 679 506; x_wconf 84' lang='lat' dir='ltr'><strong>Professores:</strong></span> <span class='ocrx_word' id='word_1_34' title='bbox 731 478 781 504; x_wconf 88' lang='lat' dir='ltr'><strong>ea</strong></span> <span class='ocrx_word' id='word_1_35' title='bbox 827 478 1007 519; x_wconf 86' lang='lat' dir='ltr'><strong>nanque</strong></span> <span class='ocrx_word' id='word_1_36' title='bbox 1053 478 1159 505; x_wconf 87' lang='lat' dir='ltr'><strong>cura</strong></span> <span class='ocrx_word' id='word_1_37' title='bbox 1201 462 1567 520; x_wconf 85' lang='lat' dir='ltr'><strong>Praepositorum</strong></span> <span class='ocrx_word' id='word_1_38' title='bbox 1611 462 1799 505; x_wconf 89' lang='lat' dir='ltr'><strong>mirifice</strong></span> <span class='ocrx_word' id='word_1_39' title='bbox 1849 462 2073 505; x_wconf 81' lang='lat' dir='ltr'><strong>exhilarat</strong></span> 
     </span>
     <span class='ocr_line' id='line_1_7' title="bbox 382 533 2074 589; baseline -0.001 -12"><span class='ocrx_word' id='word_1_40' title='bbox 382 535 596 589; x_wconf 89' lang='lat' dir='ltr'><strong>subditos,</strong></span> <span class='ocrx_word' id='word_1_41' title='bbox 643 534 881 589; x_wconf 83' lang='lat' dir='ltr'><strong>redditque</strong></span> <span class='ocrx_word' id='word_1_42' title='bbox 920 534 1087 576; x_wconf 75' lang='lat' dir='ltr'><strong>alacres</strong></span> <span class='ocrx_word' id='word_1_43' title='bbox 1128 534 1184 575; x_wconf 89' lang='lat' dir='ltr'><strong>ad</strong></span> <span class='ocrx_word' id='word_1_44' title='bbox 1222 534 1433 576; x_wconf 88' lang='lat' dir='ltr'><strong>laborem.</strong></span> <span class='ocrx_word' id='word_1_45' title='bbox 1497 533 1645 583; x_wconf 79' lang='lat' dir='ltr'><strong>Quare</strong></span> <span class='ocrx_word' id='word_1_46' title='bbox 1682 534 1730 575; x_wconf 90' lang='lat' dir='ltr'><strong>in</strong></span> <span class='ocrx_word' id='word_1_47' title='bbox 1761 534 1977 588; x_wconf 88' lang='lat' dir='ltr'><strong>vestibus,</strong></span> <span class='ocrx_word' id='word_1_48' title='bbox 2024 533 2074 576; x_wconf 89' lang='lat' dir='ltr'><strong>in</strong></span> 
     </span>
     <span class='ocr_line' id='line_1_8' title="bbox 382 603 2074 661; baseline -0.001 -14"><span class='ocrx_word' id='word_1_49' title='bbox 382 605 613 659; x_wconf 76' lang='lat' dir='ltr'><strong>cubiculis,</strong></span> <span class='ocrx_word' id='word_1_50' title='bbox 646 605 695 646; x_wconf 91' lang='lat' dir='ltr'><strong>in</strong></span> <span class='ocrx_word' id='word_1_51' title='bbox 725 605 866 657; x_wconf 84' lang='lat' dir='ltr'><strong>libris,</strong></span> <span class='ocrx_word' id='word_1_52' title='bbox 899 604 1087 660; x_wconf 87' lang='lat' dir='ltr'><strong>alijsque</strong></span> <span class='ocrx_word' id='word_1_53' title='bbox 1113 605 1242 646; x_wconf 89' lang='lat' dir='ltr'><strong>rebus</strong></span> <span class='ocrx_word' id='word_1_54' title='bbox 1264 603 1523 661; x_wconf 83' lang='lat' dir='ltr'><strong>necessarijs</strong></span> <span class='ocrx_word' id='word_1_55' title='bbox 1542 604 1659 646; x_wconf 84' lang='lat' dir='ltr'><strong>nihil</strong></span> <span class='ocrx_word' id='word_1_56' title='bbox 1679 604 1770 647; x_wconf 86' lang='lat' dir='ltr'><strong>fere</strong></span> <span class='ocrx_word' id='word_1_57' title='bbox 1788 604 2074 661; x_wconf 79' lang='lat' dir='ltr'><strong>intelligatur</strong></span> 
     </span>
     <span class='ocr_line' id='line_1_9' title="bbox 382 674 2074 732; baseline -0.001 -14"><span class='ocrx_word' id='word_1_58' title='bbox 382 691 473 718; x_wconf 91' lang='lat' dir='ltr'><strong>esse</strong></span> <span class='ocrx_word' id='word_1_59' title='bbox 506 676 777 718; x_wconf 84' lang='lat' dir='ltr'><strong>discriminis</strong></span> <span class='ocrx_word' id='word_1_60' title='bbox 808 675 926 716; x_wconf 90' lang='lat' dir='ltr'><strong>inter</strong></span> <span class='ocrx_word' id='word_1_61' title='bbox 956 675 1066 716; x_wconf 81' lang='lat' dir='ltr'><strong>istos</strong></span> <span class='ocrx_word' id='word_1_62' title='bbox 1097 679 1141 716; x_wconf 91' lang='lat' dir='ltr'><strong>et</strong></span> <span class='ocrx_word' id='word_1_63' title='bbox 1172 675 1273 717; x_wconf 93' lang='lat' dir='ltr'><strong>illos</strong></span> <span class='ocrx_word' id='word_1_64' title='bbox 1293 674 1580 717; x_wconf 71' lang='lat' dir='ltr'><strong>Professores.</strong></span> <span class='ocrx_word' id='word_1_65' title='bbox 1635 675 1807 725; x_wconf 78' lang='lat' dir='ltr'><strong>Quinto</strong></span> <span class='ocrx_word' id='word_1_66' title='bbox 1840 691 1942 719; x_wconf 91' lang='lat' dir='ltr'><strong>cum</strong></span> <span class='ocrx_word' id='word_1_67' title='bbox 1975 676 2074 732; x_wconf 90' lang='lat' dir='ltr'><strong>quis</strong></span> 
     </span>
     <span class='ocr_line' id='line_1_10' title="bbox 382 746 2073 803; baseline -0.001 -14"><span class='ocrx_word' id='word_1_68' title='bbox 382 762 428 789; x_wconf 88' lang='lat' dir='ltr'><strong>se</strong></span> <span class='ocrx_word' id='word_1_69' title='bbox 449 752 626 789; x_wconf 90' lang='lat' dir='ltr'><strong>strenue</strong></span> <span class='ocrx_word' id='word_1_70' title='bbox 650 762 700 789; x_wconf 87' lang='lat' dir='ltr'><strong>ac</strong></span> <span class='ocrx_word' id='word_1_71' title='bbox 720 746 943 803; x_wconf 87' lang='lat' dir='ltr'><strong>patienter</strong></span> <span class='ocrx_word' id='word_1_72' title='bbox 964 746 1083 802; x_wconf 84' lang='lat' dir='ltr'><strong>gerit</strong></span> <span class='ocrx_word' id='word_1_73' title='bbox 1102 746 1150 787; x_wconf 91' lang='lat' dir='ltr'><strong>in</strong></span> <span class='ocrx_word' id='word_1_74' title='bbox 1172 746 1385 800; x_wconf 91' lang='lat' dir='ltr'><strong>docendo,</strong></span> <span class='ocrx_word' id='word_1_75' title='bbox 1418 761 1509 788; x_wconf 90' lang='lat' dir='ltr'><strong>non</strong></span> <span class='ocrx_word' id='word_1_76' title='bbox 1541 746 1647 788; x_wconf 87' lang='lat' dir='ltr'><strong>inde</strong></span> <span class='ocrx_word' id='word_1_77' title='bbox 1676 751 1880 789; x_wconf 86' lang='lat' dir='ltr'><strong>sumatur</strong></span> <span class='ocrx_word' id='word_1_78' title='bbox 1901 746 2073 789; x_wconf 90' lang='lat' dir='ltr'><strong>occasio</strong></span> 
     </span>
     <span class='ocr_line' id='line_1_11' title="bbox 382 817 2074 874; baseline -0.001 -14"><span class='ocrx_word' id='word_1_79' title='bbox 382 818 527 874; x_wconf 85' lang='lat' dir='ltr'><strong>magis</strong></span> <span class='ocrx_word' id='word_1_80' title='bbox 559 833 610 860; x_wconf 88' lang='lat' dir='ltr'><strong>ac</strong></span> <span class='ocrx_word' id='word_1_81' title='bbox 642 818 788 873; x_wconf 81' lang='lat' dir='ltr'><strong>magis</strong></span> <span class='ocrx_word' id='word_1_82' title='bbox 818 817 947 859; x_wconf 90' lang='lat' dir='ltr'><strong>illum</strong></span> <span class='ocrx_word' id='word_1_83' title='bbox 980 817 1208 872; x_wconf 86' lang='lat' dir='ltr'><strong>onerandi,</strong></span> <span class='ocrx_word' id='word_1_84' title='bbox 1241 822 1285 859; x_wconf 94' lang='lat' dir='ltr'><strong>et</strong></span> <span class='ocrx_word' id='word_1_85' title='bbox 1317 817 1486 859; x_wconf 89' lang='lat' dir='ltr'><strong>diutius</strong></span> <span class='ocrx_word' id='word_1_86' title='bbox 1516 817 1565 859; x_wconf 90' lang='lat' dir='ltr'><strong>in</strong></span> <span class='ocrx_word' id='word_1_87' title='bbox 1586 832 1636 859; x_wconf 94' lang='lat' dir='ltr'><strong>eo</strong></span> <span class='ocrx_word' id='word_1_88' title='bbox 1658 817 1810 860; x_wconf 87' lang='lat' dir='ltr'><strong>labore</strong></span> <span class='ocrx_word' id='word_1_89' title='bbox 1830 817 2074 873; x_wconf 87' lang='lat' dir='ltr'><strong>detinendi,</strong></span> 
     </span>
     <span class='ocr_line' id='line_1_12' title="bbox 382 888 2074 945; baseline -0.001 -13"><span class='ocrx_word' id='word_1_90' title='bbox 382 890 598 945; x_wconf 88' lang='lat' dir='ltr'><strong>alioquin,</strong></span> <span class='ocrx_word' id='word_1_91' title='bbox 631 905 686 931; x_wconf 89' lang='lat' dir='ltr'><strong>ne</strong></span> <span class='ocrx_word' id='word_1_92' title='bbox 717 889 765 930; x_wconf 93' lang='lat' dir='ltr'><strong>id</strong></span> <span class='ocrx_word' id='word_1_93' title='bbox 797 889 883 931; x_wconf 88' lang='lat' dir='ltr'><strong>sibi</strong></span> <span class='ocrx_word' id='word_1_94' title='bbox 917 888 1168 944; x_wconf 84' lang='lat' dir='ltr'><strong>contingat,</strong></span> <span class='ocrx_word' id='word_1_95' title='bbox 1206 889 1388 943; x_wconf 86' lang='lat' dir='ltr'><strong>segnius</strong></span> <span class='ocrx_word' id='word_1_96' title='bbox 1420 888 1496 944; x_wconf 89' lang='lat' dir='ltr'><strong>alij</strong></span> <span class='ocrx_word' id='word_1_97' title='bbox 1531 893 1664 944; x_wconf 87' lang='lat' dir='ltr'><strong>atque</strong></span> <span class='ocrx_word' id='word_1_98' title='bbox 1695 888 1962 931; x_wconf 88' lang='lat' dir='ltr'><strong>oscitantius</strong></span> <span class='ocrx_word' id='word_1_99' title='bbox 1995 903 2074 931; x_wconf 91' lang='lat' dir='ltr'><strong>suo</strong></span> 
     </span>
     <span class='ocr_line' id='line_1_13' title="bbox 382 959 2075 1016; baseline -0.001 -13"><span class='ocrx_word' id='word_1_100' title='bbox 382 976 564 1003; x_wconf 91' lang='lat' dir='ltr'><strong>munere</strong></span> <span class='ocrx_word' id='word_1_101' title='bbox 580 960 843 1016; x_wconf 77' lang='lat' dir='ltr'><strong>fungentur.</strong></span> <span class='ocrx_word' id='word_1_102' title='bbox 892 960 1028 1002; x_wconf 84' lang='lat' dir='ltr'><strong>Sexto</strong></span> <span class='ocrx_word' id='word_1_103' title='bbox 1049 959 1087 1001; x_wconf 90' lang='lat' dir='ltr'><strong>si</strong></span> <span class='ocrx_word' id='word_1_104' title='bbox 1110 959 1218 1015; x_wconf 93' lang='lat' dir='ltr'><strong>quid</strong></span> <span class='ocrx_word' id='word_1_105' title='bbox 1240 959 1501 1014; x_wconf 75' lang='lat' dir='ltr'><strong>carminum,</strong></span> <span class='ocrx_word' id='word_1_106' title='bbox 1525 964 1604 1002; x_wconf 87' lang='lat' dir='ltr'><strong>aut</strong></span> <span class='ocrx_word' id='word_1_107' title='bbox 1625 960 1880 1002; x_wconf 84' lang='lat' dir='ltr'><strong>orationum</strong></span> <span class='ocrx_word' id='word_1_108' title='bbox 1896 960 2075 1016; x_wconf 90' lang='lat' dir='ltr'><strong>publice</strong></span> 
     </span>
     <span class='ocr_line' id='line_1_14' title="bbox 380 1030 2073 1088; baseline 0 -15"><span class='ocrx_word' id='word_1_109' title='bbox 380 1032 615 1088; x_wconf 83' lang='lat' dir='ltr'><strong>proferunt</strong></span> <span class='ocrx_word' id='word_1_110' title='bbox 647 1035 726 1073; x_wconf 89' lang='lat' dir='ltr'><strong>aut</strong></span> <span class='ocrx_word' id='word_1_111' title='bbox 756 1031 1068 1088; x_wconf 89' lang='lat' dir='ltr'><strong>pronuntiant,</strong></span> <span class='ocrx_word' id='word_1_112' title='bbox 1100 1030 1312 1072; x_wconf 85' lang='lat' dir='ltr'><strong>intersint</strong></span> <span class='ocrx_word' id='word_1_113' title='bbox 1334 1030 1604 1087; x_wconf 83' lang='lat' dir='ltr'><strong>Superiores,</strong></span> <span class='ocrx_word' id='word_1_114' title='bbox 1639 1031 1836 1085; x_wconf 86' lang='lat' dir='ltr'><strong>videant,</strong></span> <span class='ocrx_word' id='word_1_115' title='bbox 1872 1030 2073 1086; x_wconf 87' lang='lat' dir='ltr'><strong>audiant,</strong></span> 
     </span>
     <span class='ocr_line' id='line_1_15' title="bbox 383 1101 2076 1160; baseline -0.001 -15"><span class='ocrx_word' id='word_1_116' title='bbox 383 1103 652 1157; x_wconf 85' lang='lat' dir='ltr'><strong>collaudent,</strong></span> <span class='ocrx_word' id='word_1_117' title='bbox 696 1107 740 1144; x_wconf 92' lang='lat' dir='ltr'><strong>et</strong></span> <span class='ocrx_word' id='word_1_118' title='bbox 772 1107 969 1144; x_wconf 89' lang='lat' dir='ltr'><strong>caeteros</strong></span> <span class='ocrx_word' id='word_1_119' title='bbox 999 1102 1188 1144; x_wconf 90' lang='lat' dir='ltr'><strong>iubeant</strong></span> <span class='ocrx_word' id='word_1_120' title='bbox 1218 1101 1450 1160; x_wconf 73' lang='lat' dir='ltr'><strong>interesse,</strong></span> <span class='ocrx_word' id='word_1_121' title='bbox 1502 1102 1573 1144; x_wconf 90' lang='lat' dir='ltr'><strong>sin</strong></span> <span class='ocrx_word' id='word_1_122' title='bbox 1604 1102 1719 1144; x_wconf 90' lang='lat' dir='ltr'><strong>nihil</strong></span> <span class='ocrx_word' id='word_1_123' title='bbox 1751 1102 1842 1144; x_wconf 88' lang='lat' dir='ltr'><strong>tale</strong></span> <span class='ocrx_word' id='word_1_124' title='bbox 1873 1102 2076 1144; x_wconf 88' lang='lat' dir='ltr'><strong>scribunt</strong></span> 
     </span>
     <span class='ocr_line' id='line_1_16' title="bbox 382 1172 2076 1229; baseline 0.001 -15"><span class='ocrx_word' id='word_1_125' title='bbox 382 1178 516 1229; x_wconf 90' lang='lat' dir='ltr'><strong>atque</strong></span> <span class='ocrx_word' id='word_1_126' title='bbox 554 1172 696 1214; x_wconf 88' lang='lat' dir='ltr'><strong>edunt</strong></span> <span class='ocrx_word' id='word_1_127' title='bbox 728 1172 950 1214; x_wconf 85' lang='lat' dir='ltr'><strong>Rhetores</strong></span> <span class='ocrx_word' id='word_1_128' title='bbox 994 1178 1038 1215; x_wconf 92' lang='lat' dir='ltr'><strong>et</strong></span> <span class='ocrx_word' id='word_1_129' title='bbox 1072 1172 1384 1227; x_wconf 78' lang='lat' dir='ltr'><strong>Grammatici,</strong></span> <span class='ocrx_word' id='word_1_130' title='bbox 1427 1188 1500 1215; x_wconf 88' lang='lat' dir='ltr'><strong>eos</strong></span> <span class='ocrx_word' id='word_1_131' title='bbox 1538 1176 1700 1229; x_wconf 84' lang='lat' dir='ltr'><strong>urgeat</strong></span> <span class='ocrx_word' id='word_1_132' title='bbox 1732 1173 1901 1215; x_wconf 83' lang='lat' dir='ltr'><strong>Rector</strong></span> <span class='ocrx_word' id='word_1_133' title='bbox 1941 1177 2076 1229; x_wconf 88' lang='lat' dir='ltr'><strong>atque</strong></span> 
     </span>
     <span class='ocr_line' id='line_1_17' title="bbox 381 1243 2075 1301; baseline 0.001 -16"><span class='ocrx_word' id='word_1_134' title='bbox 381 1244 633 1286; x_wconf 88' lang='lat' dir='ltr'><strong>inflammet</strong></span> <span class='ocrx_word' id='word_1_135' title='bbox 672 1244 728 1285; x_wconf 92' lang='lat' dir='ltr'><strong>ad</strong></span> <span class='ocrx_word' id='word_1_136' title='bbox 765 1244 851 1286; x_wconf 92' lang='lat' dir='ltr'><strong>hoc</strong></span> <span class='ocrx_word' id='word_1_137' title='bbox 892 1243 1225 1286; x_wconf 82' lang='lat' dir='ltr'><strong>exercitationis</strong></span> <span class='ocrx_word' id='word_1_138' title='bbox 1263 1258 1417 1299; x_wconf 87' lang='lat' dir='ltr'><strong>genus,</strong></span> <span class='ocrx_word' id='word_1_139' title='bbox 1459 1248 1503 1286; x_wconf 89' lang='lat' dir='ltr'><strong>et</strong></span> <span class='ocrx_word' id='word_1_140' title='bbox 1545 1244 1662 1287; x_wconf 91' lang='lat' dir='ltr'><strong>sicut</strong></span> <span class='ocrx_word' id='word_1_141' title='bbox 1692 1245 1893 1301; x_wconf 88' lang='lat' dir='ltr'><strong>praemia</strong></span> <span class='ocrx_word' id='word_1_142' title='bbox 1924 1243 2075 1286; x_wconf 89' lang='lat' dir='ltr'><strong>distri-</strong></span> 
     </span>
     <span class='ocr_line' id='line_1_18' title="bbox 381 1314 2077 1371; baseline 0 -14"><span class='ocrx_word' id='word_1_143' title='bbox 381 1316 584 1358; x_wconf 89' lang='lat' dir='ltr'><strong>buuntur</strong></span> <span class='ocrx_word' id='word_1_144' title='bbox 606 1315 813 1370; x_wconf 79' lang='lat' dir='ltr'><strong>externiS,</strong></span> <span class='ocrx_word' id='word_1_145' title='bbox 845 1329 938 1357; x_wconf 91' lang='lat' dir='ltr'><strong>non</strong></span> <span class='ocrx_word' id='word_1_146' title='bbox 965 1315 1021 1357; x_wconf 88' lang='lat' dir='ltr'><strong>ab</strong></span> <span class='ocrx_word' id='word_1_147' title='bbox 1042 1330 1088 1356; x_wconf 91' lang='lat' dir='ltr'><strong>re</strong></span> <span class='ocrx_word' id='word_1_148' title='bbox 1109 1314 1226 1357; x_wconf 84' lang='lat' dir='ltr'><strong>foret</strong></span> <span class='ocrx_word' id='word_1_149' title='bbox 1246 1319 1313 1357; x_wconf 89' lang='lat' dir='ltr'><strong>ter</strong></span> <span class='ocrx_word' id='word_1_150' title='bbox 1345 1320 1424 1356; x_wconf 90' lang='lat' dir='ltr'><strong>aut</strong></span> <span class='ocrx_word' id='word_1_151' title='bbox 1456 1320 1616 1370; x_wconf 86' lang='lat' dir='ltr'><strong>quater</strong></span> <span class='ocrx_word' id='word_1_152' title='bbox 1644 1315 1694 1357; x_wconf 90' lang='lat' dir='ltr'><strong>in</strong></span> <span class='ocrx_word' id='word_1_153' title='bbox 1725 1329 1843 1357; x_wconf 89' lang='lat' dir='ltr'><strong>anno</strong></span> <span class='ocrx_word' id='word_1_154' title='bbox 1875 1315 2077 1371; x_wconf 82' lang='lat' dir='ltr'><strong>egregias</strong></span> 
     </span>
     <span class='ocr_line' id='line_1_19' title="bbox 386 1385 2078 1444; baseline 0.001 -16"><span class='ocrx_word' id='word_1_155' title='bbox 386 1386 560 1442; x_wconf 88' lang='lat' dir='ltr'><strong>aliquas</strong></span> <span class='ocrx_word' id='word_1_156' title='bbox 580 1386 675 1428; x_wconf 88' lang='lat' dir='ltr'><strong>sive</strong></span> <span class='ocrx_word' id='word_1_157' title='bbox 695 1386 877 1440; x_wconf 90' lang='lat' dir='ltr'><strong>solutas,</strong></span> <span class='ocrx_word' id='word_1_158' title='bbox 900 1386 994 1427; x_wconf 72' lang='lat' dir='ltr'><strong>sive</strong></span> <span class='ocrx_word' id='word_1_159' title='bbox 1015 1385 1220 1428; x_wconf 87' lang='lat' dir='ltr'><strong>astrictas</strong></span> <span class='ocrx_word' id='word_1_160' title='bbox 1240 1385 1583 1442; x_wconf 87' lang='lat' dir='ltr'><strong>compositiones</strong></span> <span class='ocrx_word' id='word_1_161' title='bbox 1599 1386 1865 1428; x_wconf 88' lang='lat' dir='ltr'><strong>Nostrorum</strong></span> <span class='ocrx_word' id='word_1_162' title='bbox 1886 1386 2078 1444; x_wconf 74' lang='lat' dir='ltr'><strong>pulblice</strong></span> 
     </span>
     <span class='ocr_line' id='line_1_20' title="bbox 382 1456 2078 1515; baseline -0.001 -15"><span class='ocrx_word' id='word_1_163' title='bbox 382 1457 669 1515; x_wconf 89' lang='lat' dir='ltr'><strong>pronuntiari</strong></span> <span class='ocrx_word' id='word_1_164' title='bbox 701 1458 771 1500; x_wconf 82' lang='lat' dir='ltr'><strong>vel</strong></span> <span class='ocrx_word' id='word_1_165' title='bbox 805 1458 854 1498; x_wconf 88' lang='lat' dir='ltr'><strong>in</strong></span> <span class='ocrx_word' id='word_1_166' title='bbox 885 1456 1140 1499; x_wconf 85' lang='lat' dir='ltr'><strong>Refectorio</strong></span> <span class='ocrx_word' id='word_1_167' title='bbox 1173 1457 1246 1499; x_wconf 89' lang='lat' dir='ltr'><strong>vel</strong></span> <span class='ocrx_word' id='word_1_168' title='bbox 1283 1456 1333 1498; x_wconf 89' lang='lat' dir='ltr'><strong>in</strong></span> <span class='ocrx_word' id='word_1_169' title='bbox 1364 1456 1533 1499; x_wconf 85' lang='lat' dir='ltr'><strong>Vineal</strong></span> <span class='ocrx_word' id='word_1_170' title='bbox 1570 1471 1672 1499; x_wconf 90' lang='lat' dir='ltr'><strong>cum</strong></span> <span class='ocrx_word' id='word_1_171' title='bbox 1712 1457 1865 1513; x_wconf 89' lang='lat' dir='ltr'><strong>aliqua</strong></span> <span class='ocrx_word' id='word_1_172' title='bbox 1896 1457 2078 1500; x_wconf 87' lang='lat' dir='ltr'><strong>celebri-</strong></span> 
     </span>
     <span class='ocr_line' id='line_1_21' title="bbox 381 1528 2077 1584; baseline 0 -14"><span class='ocrx_word' id='word_1_173' title='bbox 381 1533 474 1571; x_wconf 92' lang='lat' dir='ltr'><strong>tate</strong></span> <span class='ocrx_word' id='word_1_174' title='bbox 506 1533 550 1570; x_wconf 88' lang='lat' dir='ltr'><strong>et</strong></span> <span class='ocrx_word' id='word_1_175' title='bbox 582 1533 811 1570; x_wconf 85' lang='lat' dir='ltr'><strong>conuentu</strong></span> <span class='ocrx_word' id='word_1_176' title='bbox 843 1528 1056 1571; x_wconf 85' lang='lat' dir='ltr'><strong>oninium.</strong></span> <span class='ocrx_word' id='word_1_177' title='bbox 1122 1528 1351 1584; x_wconf 82' lang='lat' dir='ltr'><strong>Septimo2</strong></span> <span class='ocrx_word' id='word_1_178' title='bbox 1389 1542 1469 1584; x_wconf 89' lang='lat' dir='ltr'><strong>per</strong></span> <span class='ocrx_word' id='word_1_179' title='bbox 1507 1533 1718 1570; x_wconf 86' lang='lat' dir='ltr'><strong>octauum</strong></span> <span class='ocrx_word' id='word_1_180' title='bbox 1749 1528 1822 1570; x_wconf 88' lang='lat' dir='ltr'><strong>vel</strong></span> <span class='ocrx_word' id='word_1_181' title='bbox 1854 1528 2077 1571; x_wconf 90' lang='lat' dir='ltr'><strong>decimum</strong></span> 
     </span>
     <span class='ocr_line' id='line_1_22' title="bbox 383 1599 2073 1656; baseline 0 -14"><span class='ocrx_word' id='word_1_182' title='bbox 383 1600 596 1656; x_wconf 89' lang='lat' dir='ltr'><strong>quintum</strong></span> <span class='ocrx_word' id='word_1_183' title='bbox 636 1614 855 1655; x_wconf 87' lang='lat' dir='ltr'><strong>quemque</strong></span> <span class='ocrx_word' id='word_1_184' title='bbox 894 1599 1013 1641; x_wconf 91' lang='lat' dir='ltr'><strong>diem</strong></span> <span class='ocrx_word' id='word_1_185' title='bbox 1051 1599 1331 1642; x_wconf 88' lang='lat' dir='ltr'><strong>conuocandi</strong></span> <span class='ocrx_word' id='word_1_186' title='bbox 1376 1603 1523 1641; x_wconf 86' lang='lat' dir='ltr'><strong>essent</strong></span> <span class='ocrx_word' id='word_1_187' title='bbox 1560 1614 1586 1641; x_wconf 89' lang='lat' dir='ltr'><strong>a</strong></span> <span class='ocrx_word' id='word_1_188' title='bbox 1617 1600 1823 1655; x_wconf 80' lang='lat' dir='ltr'><strong>Rectore,</strong></span> <span class='ocrx_word' id='word_1_189' title='bbox 1863 1604 1907 1642; x_wconf 87' lang='lat' dir='ltr'><strong>et</strong></span> <span class='ocrx_word' id='word_1_190' title='bbox 1938 1599 2073 1656; x_wconf 90' lang='lat' dir='ltr'><strong>(quod</strong></span> 
     </span>
     <span class='ocr_line' id='line_1_23' title="bbox 382 1670 2078 1727; baseline 0 -14"><span class='ocrx_word' id='word_1_191' title='bbox 382 1671 477 1714; x_wconf 89' lang='lat' dir='ltr'><strong>eius</strong></span> <span class='ocrx_word' id='word_1_192' title='bbox 497 1671 689 1726; x_wconf 83' lang='lat' dir='ltr'><strong>Regulis</strong></span> <span class='ocrx_word' id='word_1_193' title='bbox 708 1671 840 1713; x_wconf 88' lang='lat' dir='ltr'><strong>valde</strong></span> <span class='ocrx_word' id='word_1_194' title='bbox 860 1671 1087 1727; x_wconf 82' lang='lat' dir='ltr'><strong>congruit)</strong></span> <span class='ocrx_word' id='word_1_195' title='bbox 1108 1671 1325 1713; x_wconf 88' lang='lat' dir='ltr'><strong>beneuole</strong></span> <span class='ocrx_word' id='word_1_196' title='bbox 1355 1670 1561 1726; x_wconf 86' lang='lat' dir='ltr'><strong>rogandi,</strong></span> <span class='ocrx_word' id='word_1_197' title='bbox 1595 1671 1703 1726; x_wconf 90' lang='lat' dir='ltr'><strong>quid</strong></span> <span class='ocrx_word' id='word_1_198' title='bbox 1735 1672 1798 1713; x_wconf 90' lang='lat' dir='ltr'><strong>eis</strong></span> <span class='ocrx_word' id='word_1_199' title='bbox 1829 1671 1955 1726; x_wconf 85' lang='lat' dir='ltr'><strong>desit,</strong></span> <span class='ocrx_word' id='word_1_200' title='bbox 1989 1685 2078 1727; x_wconf 86' lang='lat' dir='ltr'><strong>qua</strong></span> 
     </span>
     <span class='ocr_line' id='line_1_24' title="bbox 383 1740 2075 1799; baseline 0 -15"><span class='ocrx_word' id='word_1_201' title='bbox 383 1743 431 1784; x_wconf 93' lang='lat' dir='ltr'><strong>in</strong></span> <span class='ocrx_word' id='word_1_202' title='bbox 462 1757 509 1784; x_wconf 93' lang='lat' dir='ltr'><strong>re</strong></span> <span class='ocrx_word' id='word_1_203' title='bbox 530 1742 678 1784; x_wconf 88' lang='lat' dir='ltr'><strong>iuuari</strong></span> <span class='ocrx_word' id='word_1_204' title='bbox 699 1742 857 1796; x_wconf 87' lang='lat' dir='ltr'><strong>velint,</strong></span> <span class='ocrx_word' id='word_1_205' title='bbox 892 1741 1057 1797; x_wconf 87' lang='lat' dir='ltr'><strong>quidve</strong></span> <span class='ocrx_word' id='word_1_206' title='bbox 1079 1745 1255 1798; x_wconf 88' lang='lat' dir='ltr'><strong>optatos</strong></span> <span class='ocrx_word' id='word_1_207' title='bbox 1277 1740 1539 1784; x_wconf 85' lang='lat' dir='ltr'><strong>Scholarum</strong></span> <span class='ocrx_word' id='word_1_208' title='bbox 1559 1756 1818 1798; x_wconf 85' lang='lat' dir='ltr'><strong>progressus</strong></span> <span class='ocrx_word' id='word_1_209' title='bbox 1845 1741 2075 1799; x_wconf 86' lang='lat' dir='ltr'><strong>impediat,</strong></span> 
     </span>
     <span class='ocr_line' id='line_1_25' title="bbox 383 1812 2077 1870; baseline -0.001 -14"><span class='ocrx_word' id='word_1_210' title='bbox 383 1814 493 1870; x_wconf 87' lang='lat' dir='ltr'><strong>quid</strong></span> <span class='ocrx_word' id='word_1_211' title='bbox 509 1813 851 1867; x_wconf 89' lang='lat' dir='ltr'><strong>emendandum,</strong></span> <span class='ocrx_word' id='word_1_212' title='bbox 875 1812 985 1869; x_wconf 91' lang='lat' dir='ltr'><strong>quid</strong></span> <span class='ocrx_word' id='word_1_213' title='bbox 1002 1812 1384 1866; x_wconf 90' lang='lat' dir='ltr'><strong>commutandum,</strong></span> <span class='ocrx_word' id='word_1_214' title='bbox 1416 1812 1524 1868; x_wconf 90' lang='lat' dir='ltr'><strong>quid</strong></span> <span class='ocrx_word' id='word_1_215' title='bbox 1542 1812 1909 1868; x_wconf 89' lang='lat' dir='ltr'><strong>amplificandum</strong></span> <span class='ocrx_word' id='word_1_216' title='bbox 1926 1826 2077 1855; x_wconf 89' lang='lat' dir='ltr'><strong>occur-</strong></span> 
     </span>
     <span class='ocr_line' id='line_1_26' title="bbox 383 1883 2076 1941; baseline -0.001 -14"><span class='ocrx_word' id='word_1_217' title='bbox 383 1890 465 1927; x_wconf 87' lang='lat' dir='ltr'><strong>rat.</strong></span> <span class='ocrx_word' id='word_1_218' title='bbox 530 1885 726 1927; x_wconf 81' lang='lat' dir='ltr'><strong>Octauo3</strong></span> <span class='ocrx_word' id='word_1_219' title='bbox 756 1884 805 1926; x_wconf 91' lang='lat' dir='ltr'><strong>in</strong></span> <span class='ocrx_word' id='word_1_220' title='bbox 843 1884 911 1941; x_wconf 83' lang='lat' dir='ltr'><strong>ijs,</strong></span> <span class='ocrx_word' id='word_1_221' title='bbox 949 1885 1025 1940; x_wconf 93' lang='lat' dir='ltr'><strong>qui</strong></span> <span class='ocrx_word' id='word_1_222' title='bbox 1064 1885 1138 1927; x_wconf 86' lang='lat' dir='ltr'><strong>vel</strong></span> <span class='ocrx_word' id='word_1_223' title='bbox 1170 1884 1219 1925; x_wconf 91' lang='lat' dir='ltr'><strong>in</strong></span> <span class='ocrx_word' id='word_1_224' title='bbox 1247 1884 1514 1926; x_wconf 85' lang='lat' dir='ltr'><strong>Societatem</strong></span> <span class='ocrx_word' id='word_1_225' title='bbox 1546 1883 1737 1940; x_wconf 87' lang='lat' dir='ltr'><strong>cupiunt</strong></span> <span class='ocrx_word' id='word_1_226' title='bbox 1768 1883 1962 1939; x_wconf 81' lang='lat' dir='ltr'><strong>admitti,</strong></span> <span class='ocrx_word' id='word_1_227' title='bbox 2001 1884 2076 1926; x_wconf 84' lang='lat' dir='ltr'><strong>vel</strong></span> 
     </span>
     <span class='ocr_line' id='line_1_27' title="bbox 385 1954 2076 2012; baseline 0 -15"><span class='ocrx_word' id='word_1_228' title='bbox 385 1955 569 1997; x_wconf 83' lang='lat' dir='ltr'><strong>admissi</strong></span> <span class='ocrx_word' id='word_1_229' title='bbox 599 1955 689 1997; x_wconf 91' lang='lat' dir='ltr'><strong>iam</strong></span> <span class='ocrx_word' id='word_1_230' title='bbox 712 1955 769 1997; x_wconf 88' lang='lat' dir='ltr'><strong>ad</strong></span> <span class='ocrx_word' id='word_1_231' title='bbox 790 1955 1039 2012; x_wconf 88' lang='lat' dir='ltr'><strong>superiores</strong></span> <span class='ocrx_word' id='word_1_232' title='bbox 1060 1956 1297 1998; x_wconf 81' lang='lat' dir='ltr'><strong>facultates</strong></span> <span class='ocrx_word' id='word_1_233' title='bbox 1319 1954 1622 2012; x_wconf 88' lang='lat' dir='ltr'><strong>profitendum</strong></span> <span class='ocrx_word' id='word_1_234' title='bbox 1640 1955 1936 2011; x_wconf 88' lang='lat' dir='ltr'><strong>promouendi</strong></span> <span class='ocrx_word' id='word_1_235' title='bbox 1958 1960 2076 2010; x_wconf 90' lang='lat' dir='ltr'><strong>sunt,</strong></span> 
     </span>
     <span class='ocr_line' id='line_1_28' title="bbox 385 2026 2077 2084; baseline -0.001 -15"><span class='ocrx_word' id='word_1_236' title='bbox 385 2027 486 2083; x_wconf 80' lang='lat' dir='ltr'><strong>alijs</strong></span> <span class='ocrx_word' id='word_1_237' title='bbox 519 2027 571 2081; x_wconf 89' lang='lat' dir='ltr'><strong>(si</strong></span> <span class='ocrx_word' id='word_1_238' title='bbox 594 2032 767 2068; x_wconf 89' lang='lat' dir='ltr'><strong>caetera</strong></span> <span class='ocrx_word' id='word_1_239' title='bbox 788 2026 923 2069; x_wconf 86' lang='lat' dir='ltr'><strong>valde</strong></span> <span class='ocrx_word' id='word_1_240' title='bbox 942 2027 1134 2084; x_wconf 87' lang='lat' dir='ltr'><strong>imparia</strong></span> <span class='ocrx_word' id='word_1_241' title='bbox 1155 2041 1246 2068; x_wconf 89' lang='lat' dir='ltr'><strong>non</strong></span> <span class='ocrx_word' id='word_1_242' title='bbox 1268 2026 1376 2083; x_wconf 89' lang='lat' dir='ltr'><strong>sint)</strong></span> <span class='ocrx_word' id='word_1_243' title='bbox 1408 2026 1732 2083; x_wconf 84' lang='lat' dir='ltr'><strong>praeferantur,</strong></span> <span class='ocrx_word' id='word_1_244' title='bbox 1765 2026 1918 2069; x_wconf 90' lang='lat' dir='ltr'><strong>sedulo</strong></span> <span class='ocrx_word' id='word_1_245' title='bbox 1941 2026 2077 2069; x_wconf 88' lang='lat' dir='ltr'><strong>etiam</strong></span> 
     </span>
     <span class='ocr_line' id='line_1_29' title="bbox 386 2097 2076 2154; baseline 0 -15"><span class='ocrx_word' id='word_1_246' title='bbox 386 2103 659 2154; x_wconf 82' lang='lat' dir='ltr'><strong>quaerantur</strong></span> <span class='ocrx_word' id='word_1_247' title='bbox 690 2097 736 2154; x_wconf 84' lang='lat' dir='ltr'><strong>ij,</strong></span> <span class='ocrx_word' id='word_1_248' title='bbox 770 2097 847 2154; x_wconf 89' lang='lat' dir='ltr'><strong>qui</strong></span> <span class='ocrx_word' id='word_1_249' title='bbox 879 2098 1021 2140; x_wconf 89' lang='lat' dir='ltr'><strong>literis</strong></span> <span class='ocrx_word' id='word_1_250' title='bbox 1052 2098 1394 2140; x_wconf 84' lang='lat' dir='ltr'><strong>humanioribus</strong></span> <span class='ocrx_word' id='word_1_251' title='bbox 1416 2097 1562 2153; x_wconf 81' lang='lat' dir='ltr'><strong>magis</strong></span> <span class='ocrx_word' id='word_1_252' title='bbox 1585 2098 1823 2140; x_wconf 88' lang='lat' dir='ltr'><strong>excellunt.</strong></span> <span class='ocrx_word' id='word_1_253' title='bbox 1873 2097 2076 2140; x_wconf 80' lang='lat' dir='ltr'><strong>Tandem</strong></span> 
     </span>
     <span class='ocr_line' id='line_1_30' title="bbox 386 2168 2078 2225; baseline -0.001 -14"><span class='ocrx_word' id='word_1_254' title='bbox 386 2170 498 2211; x_wconf 90' lang='lat' dir='ltr'><strong>illud</strong></span> <span class='ocrx_word' id='word_1_255' title='bbox 530 2169 777 2211; x_wconf 80' lang='lat' dir='ltr'><strong>Vniuersim</strong></span> <span class='ocrx_word' id='word_1_256' title='bbox 809 2169 1065 2211; x_wconf 87' lang='lat' dir='ltr'><strong>habendum</strong></span> <span class='ocrx_word' id='word_1_257' title='bbox 1106 2173 1186 2223; x_wconf 90' lang='lat' dir='ltr'><strong>est,</strong></span> <span class='ocrx_word' id='word_1_258' title='bbox 1225 2169 1495 2211; x_wconf 83' lang='lat' dir='ltr'><strong>Rectoribus</strong></span> <span class='ocrx_word' id='word_1_259' title='bbox 1526 2168 1642 2210; x_wconf 90' lang='lat' dir='ltr'><strong>nihil</strong></span> <span class='ocrx_word' id='word_1_260' title='bbox 1674 2168 1917 2225; x_wconf 87' lang='lat' dir='ltr'><strong>antiquius,</strong></span> <span class='ocrx_word' id='word_1_261' title='bbox 1962 2168 2078 2211; x_wconf 88' lang='lat' dir='ltr'><strong>nihil</strong></span> 
     </span>
     <span class='ocr_line' id='line_1_31' title="bbox 386 2240 2077 2297; baseline 0.001 -16"><span class='ocrx_word' id='word_1_262' title='bbox 386 2240 629 2296; x_wconf 83' lang='lat' dir='ltr'><strong>optabilius</strong></span> <span class='ocrx_word' id='word_1_263' title='bbox 662 2256 753 2282; x_wconf 89' lang='lat' dir='ltr'><strong>esse</strong></span> <span class='ocrx_word' id='word_1_264' title='bbox 786 2241 957 2295; x_wconf 83' lang='lat' dir='ltr'><strong>debere,</strong></span> <span class='ocrx_word' id='word_1_265' title='bbox 991 2256 1126 2296; x_wconf 89' lang='lat' dir='ltr'><strong>quam</strong></span> <span class='ocrx_word' id='word_1_266' title='bbox 1158 2245 1210 2283; x_wconf 82' lang='lat' dir='ltr'><strong>vt</strong></span> <span class='ocrx_word' id='word_1_267' title='bbox 1232 2240 1357 2282; x_wconf 87' lang='lat' dir='ltr'><strong>salua</strong></span> <span class='ocrx_word' id='word_1_268' title='bbox 1376 2240 1612 2296; x_wconf 82' lang='lat' dir='ltr'><strong>religiosae</strong></span> <span class='ocrx_word' id='word_1_269' title='bbox 1631 2240 1814 2297; x_wconf 76' lang='lat' dir='ltr'><strong>pietatis</strong></span> <span class='ocrx_word' id='word_1_270' title='bbox 1835 2240 2077 2297; x_wconf 84' lang='lat' dir='ltr'><strong>disciplina</strong></span> 
     </span>
     <span class='ocr_line' id='line_1_32' title="bbox 386 2311 2078 2368; baseline 0.001 -17"><span class='ocrx_word' id='word_1_271' title='bbox 386 2311 732 2367; x_wconf 79' lang='lat' dir='ltr'><strong>Praeceptorum</strong></span> <span class='ocrx_word' id='word_1_272' title='bbox 764 2312 1051 2353; x_wconf 76' lang='lat' dir='ltr'><strong>conseruent4</strong></span> <span class='ocrx_word' id='word_1_273' title='bbox 1083 2311 1369 2366; x_wconf 88' lang='lat' dir='ltr'><strong>hilaritatem,</strong></span> <span class='ocrx_word' id='word_1_274' title='bbox 1411 2316 1456 2353; x_wconf 88' lang='lat' dir='ltr'><strong>et</strong></span> <span class='ocrx_word' id='word_1_275' title='bbox 1487 2311 1536 2353; x_wconf 92' lang='lat' dir='ltr'><strong>in</strong></span> <span class='ocrx_word' id='word_1_276' title='bbox 1575 2325 1626 2352; x_wconf 87' lang='lat' dir='ltr'><strong>ea</strong></span> <span class='ocrx_word' id='word_1_277' title='bbox 1656 2311 1803 2367; x_wconf 88' lang='lat' dir='ltr'><strong>posita</strong></span> <span class='ocrx_word' id='word_1_278' title='bbox 1835 2326 1924 2353; x_wconf 87' lang='lat' dir='ltr'><strong>esse</strong></span> <span class='ocrx_word' id='word_1_279' title='bbox 1954 2326 2078 2368; x_wconf 87' lang='lat' dir='ltr'><strong>prae-</strong></span> 
     </span>
     <span class='ocr_line' id='line_1_33' title="bbox 387 2381 2075 2438; baseline 0.002 -17"><span class='ocrx_word' id='word_1_280' title='bbox 387 2381 501 2423; x_wconf 79' lang='lat' dir='ltr'><strong>sidia</strong></span> <span class='ocrx_word' id='word_1_281' title='bbox 540 2382 691 2424; x_wconf 90' lang='lat' dir='ltr'><strong>omnia</strong></span> <span class='ocrx_word' id='word_1_282' title='bbox 723 2383 989 2425; x_wconf 76' lang='lat' dir='ltr'><strong>Scholarum</strong></span> <span class='ocrx_word' id='word_1_283' title='bbox 1023 2382 1136 2424; x_wconf 89' lang='lat' dir='ltr'><strong>bene</strong></span> <span class='ocrx_word' id='word_1_284' title='bbox 1176 2382 1474 2438; x_wconf 81' lang='lat' dir='ltr'><strong>gerendarum</strong></span> <span class='ocrx_word' id='word_1_285' title='bbox 1511 2382 1778 2424; x_wconf 84' lang='lat' dir='ltr'><strong>existiment.</strong></span> <span class='ocrx_word' id='word_1_286' title='bbox 1842 2382 1939 2424; x_wconf 83' lang='lat' dir='ltr'><strong>Iam</strong></span> <span class='ocrx_word' id='word_1_287' title='bbox 1970 2397 2075 2425; x_wconf 86' lang='lat' dir='ltr'><strong>vero</strong></span> 
     </span>
     <span class='ocr_line' id='line_1_34' title="bbox 387 2451 2077 2510; baseline 0.001 -17"><span class='ocrx_word' id='word_1_288' title='bbox 387 2453 618 2507; x_wconf 81' lang='lat' dir='ltr'><strong>aliquanto</strong></span> <span class='ocrx_word' id='word_1_289' title='bbox 658 2453 840 2510; x_wconf 87' lang='lat' dir='ltr'><strong>propius</strong></span> <span class='ocrx_word' id='word_1_290' title='bbox 879 2454 937 2495; x_wconf 91' lang='lat' dir='ltr'><strong>ad</strong></span> <span class='ocrx_word' id='word_1_291' title='bbox 974 2453 1231 2496; x_wconf 90' lang='lat' dir='ltr'><strong>huiusmodi</strong></span> <span class='ocrx_word' id='word_1_292' title='bbox 1268 2452 1520 2495; x_wconf 89' lang='lat' dir='ltr'><strong>studiorum</strong></span> <span class='ocrx_word' id='word_1_293' title='bbox 1550 2452 1920 2508; x_wconf 87' lang='lat' dir='ltr'><strong>temperationem</strong></span> <span class='ocrx_word' id='word_1_294' title='bbox 1950 2451 2077 2494; x_wconf 89' lang='lat' dir='ltr'><strong>insti-</strong></span> 
     </span>
     <span class='ocr_line' id='line_1_35' title="bbox 385 2523 2074 2580; baseline 0.001 -17"><span class='ocrx_word' id='word_1_295' title='bbox 385 2523 696 2578; x_wconf 82' lang='lat' dir='ltr'><strong>tutionemque</strong></span> <span class='ocrx_word' id='word_1_296' title='bbox 719 2525 994 2579; x_wconf 85' lang='lat' dir='ltr'><strong>accedamus,</strong></span> <span class='ocrx_word' id='word_1_297' title='bbox 1028 2539 1141 2580; x_wconf 86' lang='lat' dir='ltr'><strong>quae</strong></span> <span class='ocrx_word' id='word_1_298' title='bbox 1175 2523 1374 2566; x_wconf 88' lang='lat' dir='ltr'><strong>dilucida</strong></span> <span class='ocrx_word' id='word_1_299' title='bbox 1405 2538 1455 2564; x_wconf 88' lang='lat' dir='ltr'><strong>ac</strong></span> <span class='ocrx_word' id='word_1_300' title='bbox 1487 2523 1733 2565; x_wconf 89' lang='lat' dir='ltr'><strong>distributa</strong></span> <span class='ocrx_word' id='word_1_301' title='bbox 1765 2523 1909 2580; x_wconf 84' lang='lat' dir='ltr'><strong>magis</strong></span> <span class='ocrx_word' id='word_1_302' title='bbox 1929 2528 1982 2566; x_wconf 89' lang='lat' dir='ltr'><strong>vt</strong></span> <span class='ocrx_word' id='word_1_303' title='bbox 2003 2523 2074 2578; x_wconf 87' lang='lat' dir='ltr'><strong>sit,</strong></span> 
     </span>
     <span class='ocr_line' id='line_1_36' title="bbox 386 2594 2075 2652; baseline 0.001 -18"><span class='ocrx_word' id='word_1_304' title='bbox 386 2594 646 2650; x_wconf 78' lang='lat' dir='ltr'><strong>priusquam</strong></span> <span class='ocrx_word' id='word_1_305' title='bbox 678 2595 734 2636; x_wconf 85' lang='lat' dir='ltr'><strong>ad</strong></span> <span class='ocrx_word' id='word_1_306' title='bbox 766 2611 829 2650; x_wconf 88' lang='lat' dir='ltr'><strong>ea,</strong></span> <span class='ocrx_word' id='word_1_307' title='bbox 863 2611 975 2651; x_wconf 87' lang='lat' dir='ltr'><strong>quae</strong></span> <span class='ocrx_word' id='word_1_308' title='bbox 1008 2596 1188 2652; x_wconf 85' lang='lat' dir='ltr'><strong>propria</strong></span> <span class='ocrx_word' id='word_1_309' title='bbox 1220 2599 1326 2637; x_wconf 87' lang='lat' dir='ltr'><strong>sunt</strong></span> <span class='ocrx_word' id='word_1_310' title='bbox 1344 2594 1677 2636; x_wconf 88' lang='lat' dir='ltr'><strong>Humaniorum</strong></span> <span class='ocrx_word' id='word_1_311' title='bbox 1702 2594 1966 2637; x_wconf 84' lang='lat' dir='ltr'><strong>Scholarum</strong></span> <span class='ocrx_word' id='word_1_312' title='bbox 1987 2594 2075 2636; x_wconf 92' lang='lat' dir='ltr'><strong>sin-</strong></span> 
     </span>
     <span class='ocr_line' id='line_1_37' title="bbox 386 2665 2073 2723; baseline 0.001 -18"><span class='ocrx_word' id='word_1_313' title='bbox 386 2665 518 2720; x_wconf 80' lang='lat' dir='ltr'><strong>gulis,</strong></span> <span class='ocrx_word' id='word_1_314' title='bbox 572 2666 902 2721; x_wconf 80' lang='lat' dir='ltr'><strong>descendamus,</strong></span> <span class='ocrx_word' id='word_1_315' title='bbox 953 2667 1100 2723; x_wconf 87' lang='lat' dir='ltr'><strong>capita</strong></span> <span class='ocrx_word' id='word_1_316' title='bbox 1147 2667 1366 2723; x_wconf 87' lang='lat' dir='ltr'><strong>quaedem</strong></span> <span class='ocrx_word' id='word_1_317' title='bbox 1417 2680 1690 2722; x_wconf 87' lang='lat' dir='ltr'><strong>exponemus</strong></span> <span class='ocrx_word' id='word_1_318' title='bbox 1742 2680 1907 2720; x_wconf 89' lang='lat' dir='ltr'><strong>eorum,</strong></span> <span class='ocrx_word' id='word_1_319' title='bbox 1960 2680 2073 2722; x_wconf 89' lang='lat' dir='ltr'><strong>quae</strong></span> 
     </span>
     <span class='ocr_line' id='line_1_38' title="bbox 386 2737 1042 2780; baseline 0.005 -3"><span class='ocrx_word' id='word_1_320' title='bbox 386 2737 643 2778; x_wconf 81' lang='lat' dir='ltr'><strong>communia</strong></span> <span class='ocrx_word' id='word_1_321' title='bbox 674 2742 779 2779; x_wconf 83' lang='lat' dir='ltr'><strong>sunt</strong></span> <span class='ocrx_word' id='word_1_322' title='bbox 810 2738 1042 2780; x_wconf 87' lang='lat' dir='ltr'><strong>vniuersis.</strong></span> 
     </span>
    </p>
   </div>
   <div class='ocr_carea' id='block_1_5' title="bbox 389 2866 2072 3149">
    <p class='ocr_par' dir='ltr' id='par_1_5' title="bbox 535 2866 1045 2904">
     <span class='ocr_line' id='line_1_39' title="bbox 535 2866 1045 2904; baseline 0.004 -4"><span class='ocrx_word' id='word_1_323' title='bbox 535 2866 543 2884; x_wconf 95' lang='lat'>ยน</span> <span class='ocrx_word' id='word_1_324' title='bbox 571 2866 612 2900; x_wconf 82' lang='lat' dir='ltr'><strong>D.</strong></span> <span class='ocrx_word' id='word_1_325' title='bbox 639 2866 673 2900; x_wconf 86' lang='lat' dir='ltr'><strong>h.</strong></span> <span class='ocrx_word' id='word_1_326' title='bbox 700 2867 908 2904; x_wconf 72' lang='lat' dir='ltr'><strong>Landhaus,</strong></span> <span class='ocrx_word' id='word_1_327' title='bbox 935 2868 1045 2902; x_wconf 80' lang='lat' dir='ltr'><strong>Villa.</strong></span> 
     </span>
    </p>

    <p class='ocr_par' dir='ltr' id='par_1_6' title="bbox 389 2926 2072 3029">
     <span class='ocr_line' id='line_1_40' title="bbox 529 2926 2072 2972; baseline 0.001 -12"><span class='ocrx_word' id='word_1_328' title='bbox 529 2927 541 2945; x_wconf 91' lang='lat'>ยฒ</span> <span class='ocrx_word' id='word_1_329' title='bbox 567 2926 656 2960; x_wconf 83' lang='lat' dir='ltr'><strong>Hier</strong></span> <span class='ocrx_word' id='word_1_330' title='bbox 682 2927 761 2961; x_wconf 83' lang='lat' dir='ltr'><strong>sind</strong></span> <span class='ocrx_word' id='word_1_331' title='bbox 788 2930 807 2960; x_wconf 78' lang='grc'><strong>6</strong></span> <span class='ocrx_word' id='word_1_332' title='bbox 835 2927 979 2968; x_wconf 79' lang='lat' dir='ltr'><strong>Liuicn,</strong></span> <span class='ocrx_word' id='word_1_333' title='bbox 1025 2928 1090 2961; x_wconf 74' lang='lat' dir='ltr'><strong>ยซlas</strong></span> <span class='ocrx_word' id='word_1_334' title='bbox 1130 2927 1274 2961; x_wconf 62' lang='lat' dir='ltr'><strong>frahun-0</strong></span> <span class='ocrx_word' id='word_1_335' title='bbox 1313 2926 1528 2970; x_wconf 63' lang='lat' dir='ltr'><strong>โseptin10โโ</strong></span> <span class='ocrx_word' id='word_1_336' title='bbox 1569 2927 1869 2961; x_wconf 71' lang='lat' dir='ltr'><strong>hauโนlsโนฮ.lnฮiftlicln</strong></span> <span class='ocrx_word' id='word_1_337' title='bbox 1923 2926 2072 2972; x_wconf 79' lang='lat' dir='ltr'><strong>getilgt,</strong></span> 
     </span>
     <span class='ocr_line' id='line_1_41' title="bbox 389 2985 1309 3029; baseline 0.001 -8"><span class='ocrx_word' id='word_1_338' title='bbox 389 2986 550 3021; x_wconf 62' lang='lat' dir='ltr'><strong>ofscnbar</strong></span> <span class='ocrx_word' id='word_1_339' title='bbox 576 2985 683 3021; x_wconf 63' lang='lat' dir='ltr'><strong>sehon</strong></span> <span class='ocrx_word' id='word_1_340' title='bbox 712 2997 757 3020; x_wconf 89' lang='lat' dir='ltr'><strong>zu</strong></span> <span class='ocrx_word' id='word_1_341' title='bbox 783 2986 872 3021; x_wconf 83' lang='lat' dir='ltr'><strong>Rom</strong></span> <span class='ocrx_word' id='word_1_342' title='bbox 900 2997 962 3020; x_wconf 80' lang='lat' dir='ltr'><strong>vor</strong></span> <span class='ocrx_word' id='word_1_343' title='bbox 989 2987 1052 3021; x_wconf 86' lang='lat' dir='ltr'><strong>der</strong></span> <span class='ocrx_word' id='word_1_344' title='bbox 1077 2986 1309 3029; x_wconf 69' lang='lat' dir='ltr'><strong>Absendung&#39;.</strong></span> 
     </span>
    </p>

    <p class='ocr_par' dir='ltr' id='par_1_7' title="bbox 532 3046 1339 3088">
     <span class='ocr_line' id='line_1_42' title="bbox 532 3046 1339 3088; baseline 0 -9"><span class='ocrx_word' id='word_1_345' title='bbox 532 3047 543 3065; x_wconf 81' lang='lat'>ยณ</span> <span class='ocrx_word' id='word_1_346' title='bbox 570 3048 613 3079; x_wconf 70' lang='lat' dir='ltr'><strong>So</strong></span> <span class='ocrx_word' id='word_1_347' title='bbox 641 3057 704 3080; x_wconf 77' lang='lat' dir='ltr'><strong>aus</strong></span> <span class='ocrx_word' id='word_1_348' title='bbox 734 3046 874 3088; x_wconf 79' lang='lat' dir='ltr'><strong>โNonoโ</strong></span> <span class='ocrx_word' id='word_1_349' title='bbox 904 3046 1093 3080; x_wconf 76' lang='lat' dir='ltr'><strong>handschr.</strong></span> <span class='ocrx_word' id='word_1_350' title='bbox 1121 3046 1339 3080; x_wconf 61' lang='lat' dir='ltr'><strong>vei-bessem.</strong></span> 
     </span>
    </p>

    <p class='ocr_par' dir='ltr' id='par_1_8' title="bbox 531 3106 1023 3149">
     <span class='ocr_line' id='line_1_43' title="bbox 531 3106 1023 3149; baseline 0 -10"><span class='ocrx_word' id='word_1_351' title='bbox 531 3106 543 3123; x_wconf 73' lang='lat'><strong>โด</strong></span> <span class='ocrx_word' id='word_1_352' title='bbox 568 3106 620 3139; x_wconf 86' lang='lat' dir='ltr'><strong>Im</strong></span> <span class='ocrx_word' id='word_1_353' title='bbox 647 3106 748 3149; x_wconf 71' lang='lat' dir='ltr'><strong>Urig.</strong></span> <span class='ocrx_word' id='word_1_354' title='bbox 777 3109 1023 3147; x_wconf 57' lang='lat' dir='ltr'><strong>โconseruetfโ</strong></span> 
     </span>
    </p>
   </div>
  </div>
 </body>
</html>
