2153 3467
64 1570 139 1595 Novi
174 1571 324 1601 discipuli.

66 1917 177 1942 Eorum
199 1923 331 1941 examen.

152 2343 314 2368 Admiseio.

143 2911 197 2942 Qui
222 2919 277 2935 uon

123 2947 307 2972 admittendi.

347 223 433 265 358
525 233 636 268 Ratio
664 234 867 268 studiorum
894 239 932 269 et
956 234 1209 270 institutiones
1235 233 1479 269 scholasticae
1505 233 1696 270 Societatis
1723 235 1812 270 Jesu
1836 236 1874 270 H

348 355 550 406 possunt.
615 352 721 394 Sola
752 367 858 408 ergo
891 353 1213 409 grammaticae
1244 353 1488 408 praelectio
1520 352 1737 394 distincta
1768 368 1870 395 cum
1890 354 1963 408 sit,
1997 358 2076 396 aut

347 421 519 463 alterno
553 437 729 479 quoque
753 423 823 465 die
846 423 1037 479 singulis
1059 422 1307 477 ordinibus,
1341 427 1433 478 aut,
1457 428 1657 480 tempore
1679 423 1889 466 bifariam
1911 424 2072 479 diviso,

347 507 428 533 sua
458 492 640 549 utrique
680 494 882 550 quotidie
913 494 1212 551 explicabitur
1242 494 1534 537 recoleturve.

926 566 1172 632 ‘stgcssffg‘si‘ggjd'b
1368 568 1406 619 ἓ.
1443 568 1512 610 11.
1573 567 1737 619 (1832.)
1811 565 2074 621 Historiam,

1228 635 1566 693 geographiam,
1580 636 1830 678 matheseos
1841 637 2075 692 elementa,

1228 710 1273 748 et
1303 706 1342 748 si
1373 722 1462 763 qua
1493 707 1584 749 alia
1612 707 1660 749 in
1683 707 1752 749 his
1771 707 1934 750 scholis
1956 709 2076 750 tradi

1229 777 1391 832 solent,
1439 778 1643 821 consulto
1687 779 1965 821 Provinciali
2010 779 2075 821 ita

1230 847 1493 904 distribuat,
1540 854 1592 892 ut
1634 849 1943 906 unusquisque
1980 850 2076 892 Ma-

1229 919 1370 975 gister
1400 919 1637 962 materiam
1677 919 1765 962 sibi
1797 920 2075 976 assignatam

1229 990 1315 1032 rite
1347 994 1393 1033 et
1415 990 1646 1033 commode
1666 991 1808 1048 possit
1828 991 2073 1034 absolvere.

914 1062 1170 1122 θςὴωῇζξὲζῗῑθυ·
1371 1064 1406 1114 ξ.
1442 1065 1509 1107 12.
1571 1061 1665 1106 Ubi
1684 1061 1863 1106 scholae
1886 1063 2076 1105 elemen-

1229 1138 1345 1176 tares
1382 1133 1539 1190 (vulgo
1579 1132 1848 1189 abecedarii)
1888 1133 2075 1189 fuerint,

1227 1204 1353 1260 sciat,
1385 1204 1472 1247 sibi
1510 1219 1663 1247 earum
1703 1219 1856 1247 curam
1896 1204 2076 1247 deman-

1205 1276 1380 1370 ,datam
1413 1291 1524 1331 esse,
1566 1280 1704 1332 utque
1735 1277 1863 1333 pueri
1895 1276 1952 1319 ad
1983 1276 2074 1333 pie-

1207 1350 1364 1418 ,tatem
1409 1352 1454 1389 et
1487 1347 1662 1389 litteras
1693 1347 1890 1402 alantur,
1930 1347 2075 1403 Magi-

1207 1421 1340 1481 {stros
1371 1418 1527 1461 visitet
1556 1423 1602 1460 et
1632 1418 1897 1474 regularum
1928 1418 2074 1461 obser-

1206 1486 1455 1542 lvationem
1487 1489 1543 1532 ab
1577 1489 1787 1532 omnibus
1817 1490 1984 1545 exigat.

487 1558 534 1603 9.
597 1559 799 1613 Nullum,
830 1559 978 1615 quoad
996 1559 1090 1615 ejus
1122 1559 1218 1602 fieri
1233 1565 1394 1618 potest,
1425 1561 1473 1604 in
1496 1560 1818 1618 dicispulorum
1836 1575 2073 1604 numerum
2109 1556 2112 1561 ⁸

344 1631 520 1684 referat,
553 1630 630 1687 qui
663 1645 754 1672 non
787 1630 1037 1673 adducatur
1067 1646 1094 1673 a
1131 1631 1395 1688 parentibus
1428 1631 1605 1687 aliisve,
1645 1631 1808 1688 quibus
1840 1646 1972 1674 curae
2004 1632 2075 1686 sit,

345 1706 426 1743 aut
456 1716 589 1757 quem
620 1701 716 1758 ipse
748 1716 840 1743 non
870 1701 1069 1757 noverit,
1103 1707 1182 1744 aut
1213 1702 1268 1745 de
1300 1717 1388 1759 quo
1419 1702 1554 1745 facile
1585 1717 1678 1745 non
1709 1702 1852 1760 possit
1883 1703 1941 1745 ab
1976 1702 2077 1746 aliis

346 1771 433 1814 sibi
459 1771 556 1828 jam
587 1772 709 1815 notis
740 1772 927 1817 edoceri.
989 1773 1227 1816 Neminem
1259 1789 1367 1816 vero
1399 1788 1472 1829 eo,
1505 1773 1626 1830 quod
1657 1773 1874 1830 ignobilis
1907 1774 1966 1816 sit
1997 1777 2077 1816 aut

346 1858 528 1901 pauper,
560 1843 782 1886 excludat.

492 1915 568 1962 10.
632 1916 735 1970 Eos,
769 1916 846 1971 qui
878 1915 933 1958 de
964 1930 1084 1958 novo
1117 1916 1381 1972 adveniunt,
1413 1916 1463 1959 in
1493 1916 1614 1960 hunc
1645 1916 1740 1959 fere
1771 1916 1954 1959 modum
1974 1931 2075 1959 exa-

347 1987 510 2030 minet:
545 1991 686 2043 roget,
722 2002 837 2043 quae
868 1987 1018 2030 studia
1050 1987 1287 2043 coluerint,
1319 1988 1387 2030 etl
1418 1991 1659 2044 quatenus3
1701 1987 1862 2030 deinde
1894 1986 2086 2030 seorsim

348 2058 522 2115 aliquid
561 2058 776 2113 scribere,
824 2062 944 2101 certo
983 2063 1249 2115 argumento
1295 2059 1539 2117 proposito,
1581 2058 1752 2116 jubeat.
1814 2058 2079 2101 Nonnnulla

348 2129 455 2172 item
477 2133 716 2186 praecepta
734 2128 1018 2185 facultatum,
1050 2129 1214 2186 quibus
1238 2130 1507 2184 studuerint,
1531 2129 1706 2186 exigat,
1734 2129 1887 2172 breves
1907 2130 2081 2186 aliquas

349 2199 611 2255 sententias,
643 2200 739 2244 sive
769 2201 911 2244 latine
942 2200 1267 2244 convertendas
1297 2200 1414 2256 sive,
1454 2200 1492 2243 si
1528 2200 1588 2242 sit
1628 2215 1764 2258 opUS,
1802 2216 1825 2243 e
1864 2200 2081 2258 scriptore

351 2272 563 2328 quopiam
595 2271 961 2330 interpretandas
992 2276 1229 2330 proponat.

494 2342 562 2389 11.
627 2342 749 2393 Quos
780 2344 918 2402 probe
949 2344 1194 2386 instructos
1234 2348 1279 2386 et
1316 2344 1538 2386 bonorum
1577 2357 1756 2386 morum
1795 2346 1875 2386 aut
1913 2342 2080 2385 indolis

349 2428 442 2457 esse
460 2415 737 2471 cognoverit,
756 2415 983 2471 admittat,
1016 2415 1160 2472 iisque
1180 2415 1358 2471 regulas
1379 2414 1636 2457 auditorum
1656 2418 1913 2457 nostrorum
1933 2418 2079 2456 osten-

351 2485 443 2539 dat,
475 2490 540 2541 ut,
575 2487 729 2543 quales
761 2502 806 2530 se
830 2502 922 2530 esse
944 2490 1164 2544 oporteat,
1197 2485 1364 2528 norint.
1412 2486 1581 2528 Eorum
1602 2499 1781 2540 nomen,
1813 2499 2079 2541 cognomen,

349 2556 555 2612 patriam,
590 2561 797 2612 aetatem,
829 2562 1036 2615 parentes
1067 2562 1146 2600 aut
1184 2571 1277 2612 eos,
1316 2556 1365 2598 in
1406 2571 1596 2612 quorum
1633 2571 1741 2599 cura
1777 2560 1899 2611 sunt,
1931 2554 2081 2612 ecquis

351 2626 675 2684 discipulorum
707 2629 887 2672 noverit
918 2643 1071 2671 eorum
1115 2628 1291 2682 domos,
1332 2628 1382 2669 in
1426 2627 1543 2670 libro
1576 2627 1764 2682 scribat,
1797 2627 2004 2683 diemque
2035 2632 2080 2669 et

351 2713 533 2752 annum,
566 2714 654 2755 quo
687 2699 875 2756 quisque
895 2699 1117 2742 admissus
1145 2702 1225 2753 est,
1257 2697 1453 2740 adnotet.
1501 2698 1694 2741 Demum
1718 2712 2081 2755 unumquemque

351 2769 399 2810 in
432 2784 485 2811 ea
515 2769 653 2812 classe
685 2775 729 2812 et
761 2786 863 2813 cum
894 2786 945 2813 eo
976 2775 1262 2828 praeceptore
1293 2769 1493 2825 collocet,
1527 2770 1605 2826 qui
1625 2770 1712 2828 ipsi
1743 2767 1996 2823 conveniat,
2029 2771 2082 2809 ut

351 2841 574 2897 superiore
607 2841 771 2897 dignus
802 2843 974 2899 potius,
1020 2856 1155 2898 quam
1193 2840 1273 2883 illo
1311 2840 1453 2896 (suff)
1498 2840 1717 2897 indignus
1747 2839 1893 2882 videri
1924 2838 2078 2896 possit.

492 2910 565 2958 12.
627 2912 683 2953 In
713 2913 923 2955 ultimam
956 2913 1141 2955 classem
1172 2912 1263 2954 fere
1295 2926 1439 2968 neque
1471 2911 1686 2954 admittat
1712 2911 1902 2968 juvenes
1933 2913 2080 2952 aetate

352 2987 600 3040 provectOS,
639 2997 782 3038 neque
813 2984 1021 3039 puerulos
1060 2982 1195 3025 nimis
1233 2987 1432 3036 teneros,
1473 2982 1561 3024 nisi
1599 2981 1843 3025 admodum
1880 2980 2078 3034 idoneos,

353 3053 529 3096 etiamsi
559 3052 725 3110 probae
755 3057 934 3095 tantum
966 3053 1246 3096 educationis
1278 3053 1427 3108 gratia
1459 3053 1760 3095 mitterentur.

497 3138 507 3158 ¹
533 3149 585 3182 pr.
612 3146 678 3170 om.
707 3138 800 3177 „et“.
1232 3136 1245 3155 ²
1269 3146 1320 3180 pr.
1349 3139 1470 3178 ‚,suo“.
