2143 3462
348 196 429 237 104
522 204 632 239 Ratio
659 203 863 238 studiorum
890 207 926 238 et
952 204 1202 239 institutiones
1227 203 1467 238 scholasticae
1493 202 1685 238 Societatis
1711 203 1800 237 Jesu
1826 203 1863 236 II

343 326 553 379 possunt,
602 323 891 365 committant
939 337 1041 364 suas
1086 326 1236 378 partes
1280 322 1527 376 Praefecto,
1583 336 1714 376 quem
1757 336 1849 363 non
1894 320 2027 362 modo

344 393 546 446 doctum,
591 408 736 435 acrem
775 398 819 434 et
848 393 1122 435 industrium
1155 392 1305 434 virum
1337 396 1512 448 oportet
1542 406 1653 446 esse,
1698 391 1774 433 sed
1804 396 1867 446 et,
1909 391 2029 447 quod

345 468 481 520 caput
512 468 596 517 est,
635 479 825 519 magnae
866 464 1001 505 etiam
1036 463 1343 505 auctoritatis¹
1373 463 1422 504 in
1454 463 1577 504 omni
1608 462 1859 504 studiorum
1891 462 2031 504 admi-

343 535 633 589 nistratione,
697 534 946 576 cuiusmodi
1014 537 1214 589 potestas
1275 533 1312 575 si
1370 548 1462 575 non
1520 533 1701 576 Videtur
1761 532 2031 575 conferenda

343 605 589 659 Praefecto,
623 605 837 660 quicquid
869 605 1024 646 saltem
1057 604 1104 645 in
1126 619 1172 645 re
1191 604 1413 646 litteraria
1433 605 1600 647 Rector
1632 604 1856 660 agendum
1885 607 2032 659 putat,

344 691 422 733 per
454 676 742 718 Praefectum
782 679 1046 730 exequatur:
1096 675 1133 716 si
1170 675 1279 730 quid
1311 690 1416 717 vero
1448 676 1633 717 Rectori
1664 675 1864 717 delatum
1895 673 2033 716 fuerit

325 747 400 788 ,de
432 746 678 800 Praefecto,
712 746 828 787 nihil
858 746 951 802 ipse
984 746 1247 800 constituat,
1281 746 1356 788 sed
1387 761 1434 788 re
1466 761 1567 788 cum
1589 745 1668 787 illo
1690 744 2031 798 communicata,

345 817 560 873 quicquid
601 816 868 858 mutandum
909 816 1101 871 videtur,
1149 816 1197 858 id
1230 821 1376 858 mutet
1407 832 1486 873 per
1516 815 1822 870 Praefectum,
1870 814 1949 871 qui
1985 814 2033 855 id

346 892 594 945 opportune
631 891 824 943 praestet
862 901 913 928 ac
952 887 1207 943 prudenter,
1255 891 1487 943 tamquam
1526 902 1572 928 re
1610 887 1770 928 melius
1808 889 1834 927 a
1864 900 1909 927 se
1938 899 2034 942 per-

347 963 494 1015 specta
522 962 737 999 mutasset
763 957 1015 1012 consilium,
1047 962 1099 1000 vt
1122 958 1214 999 eius
1236 959 1495 1001 consulatur
1517 958 1799 1012 auctoritati;
1833 956 2035 1012 alioquin

346 1029 606 1084 intelligent
639 1028 737 1084 alij,
779 1027 1064 1070 Praefectum
1096 1028 1212 1070 nihil
1244 1030 1368 1071 aliud
1400 1045 1491 1072 esse
1526 1045 1660 1086 quam
1691 1043 1856 1071 nomen
1886 1028 2033 1081 inane,

348 1105 399 1141 vt
445 1104 677 1156 propterea
714 1099 941 1141 neminem
981 1099 1300 1156 reprehendere
1341 1101 1504 1143 audeat
1542 1101 1615 1144 vel
1652 1114 1844 1143 monere.
1906 1099 2035 1141 Certe

349 1170 647 1212 necessarium
679 1174 763 1224 est,
803 1170 851 1211 in
869 1170 1080 1212 Praeside
1114 1171 1472 1227 disputationum
1503 1187 1601 1213 eam
1632 1185 1723 1213 esse
1752 1173 2035 1228 potestatem,

230 1260 329 1292 p.13*2.
351 1257 438 1297 qua
467 1244 471 1294 Ι
501 1241 782 1297 disputantes
828 1240 968 1298 possit
1015 1246 1059 1283 et
1101 1241 1346 1283 honorifice
1391 1243 1600 1300 prosequi
1645 1246 1689 1284 et
1734 1247 1950 1295 coercere,
1999 1241 2038 1283 si

349 1317 567 1369 oporteat,
601 1326 844 1368 omnesque
876 1312 1143 1367 intelligant
1175 1313 1370 1354 multum
1397 1328 1476 1355 sua
1502 1313 1711 1355 interesse
1734 1313 1789 1355 ab
1808 1312 1887 1354 illo
1909 1325 2035 1353 suam

350 1397 529 1440 operam
568 1382 773 1439 probari:
816 1382 1037 1425 eiusmodi
1068 1398 1176 1426 vero
1208 1388 1482 1440 potestatem
1513 1385 1551 1426 si
1582 1399 1674 1427 non
1704 1387 1869 1441 putant
1901 1382 2039 1439 Supe-

348 1454 485 1495 riores
517 1468 610 1495 esse
633 1453 865 1495 Praefecto
898 1454 1272 1510 demandandam,
1307 1456 1380 1498 vel
1399 1455 1485 1512 ipsi
1507 1470 1584 1512 per
1606 1470 1652 1497 se
1673 1469 1771 1497 eam
1792 1457 2037 1508 exerceant,

349 1526 422 1567 vel
470 1525 854 1581 disputationibus
899 1525 1177 1567 arbitrentur
1229 1526 1429 1568 nondum
1476 1526 1585 1568 satis
1630 1540 1722 1567 esse
1768 1524 2036 1567 consultum.

351 1595 600 1638 Secundo
641 1596 884 1638 iubeantur
925 1597 1135 1638 interesse
1180 1597 1378 1639 vniuersi
1416 1596 1812 1654 disputationibus,
1854 1599 1899 1637 et
1935 1594 2037 1637 dili-

350 1667 543 1722 gentius,
578 1681 714 1722 quam
734 1667 1017 1709 lectionibus.
1065 1669 1205 1710 Porro
1227 1672 1346 1724 sunt,
1380 1669 1470 1724 qui,
1492 1667 1708 1724 quicquid
1731 1665 2038 1724 occupationis

350 1741 476 1779 extra
508 1737 712 1779 ordinem
744 1737 1079 1793 nanciscuntur,
1114 1748 1192 1780 aut
1222 1739 1423 1780 nancisci
1453 1743 1654 1796 possunt,
1684 1738 1733 1780 id
1764 1752 1909 1781 omme
1937 1751 2040 1779 con-

350 1808 502 1850 ferunt
539 1809 588 1850 in
626 1808 744 1850 diem
787 1813 831 1850 et
861 1808 992 1851 horas
1025 1809 1407 1866 disputationum,
1440 1825 1532 1852 non
1563 1825 1703 1865 secus,
1741 1824 1792 1851 ac
1823 1808 1860 1851 si
1892 1822 2041 1866 super-

351 1895 495 1923 vacua
538 1884 582 1921 et
622 1881 766 1923 otiosa
798 1881 1017 1936 quaedam
1049 1895 1118 1922 res
1152 1885 1286 1923 esset:
1333 1896 1439 1923 sane
1479 1896 1577 1938 spes
1614 1880 1741 1923 nulla
1779 1879 1934 1922 futura
1972 1882 2040 1921 est

350 1966 445 1993 rem
476 1952 612 1993 istam
643 1952 754 1993 bene
786 1951 1107 2008 componendi,
1139 1953 1227 1994 nisi
1259 1953 1512 1995 firmissime
1545 1955 1750 1994 statuant
1782 1951 2040 2007 Superiores

353 2037 425 2064 eos
464 2037 508 2064 se
550 2023 775 2079 praebere,
819 2038 897 2079 per
935 2038 1046 2078 quos
1084 2024 1200 2066 nulli
1240 2024 1373 2066 liceat
1406 2023 1556 2065 abesse
1589 2039 1615 2066 a
1646 2021 2039 2079 disputationibus,

354 2108 493 2149 eaque
527 2093 672 2135 omnis
704 2108 811 2150 spes
843 2094 1142 2150 praecidatur,
1174 2109 1267 2136 non
1298 2110 1422 2137 secus
1445 2110 1496 2137 ac
1521 2094 1558 2136 si
1586 2093 1679 2136 dies
1699 2097 1812 2135 esset
1832 2091 2041 2135 lectionis

355 2170 398 2206 et
431 2165 577 2206 multo
612 2166 748 2207 etiam
781 2166 990 2220 seueriUS,
1024 2169 1075 2208 vt
1106 2165 1166 2207 sit
1187 2164 1363 2207 facilior
1384 2166 1433 2207 in
1459 2164 1729 2207 lectionibus
1752 2162 2039 2220 dispensatio.

352 2237 388 2277 F
393 2236 544 2291 rigent
566 2236 685 2278 enim
706 2237 800 2278 sine
822 2236 1077 2292 frequentia
1099 2237 1467 2291 concertationes,
1500 2240 1545 2278 et
1573 2250 1675 2278 cum
1696 2249 1849 2276 earum
1868 2232 2042 2275 fructus

350 2308 498 2349 minus
544 2308 735 2364 perspici
780 2314 914 2364 atque
944 2308 1142 2363 intelligi
1172 2307 1316 2364 possit
1347 2322 1373 2348 a
1404 2305 1679 2360 iunioribus,
1718 2306 1756 2346 si
1788 2305 1888 2360 quis
1919 2317 2038 2346 vnus

355 2378 506 2419 abesse
537 2378 708 2435 coepit,
748 2379 913 2420 caeteri
944 2379 1076 2421 facile
1107 2379 1384 2421 dilabuntur.
1448 2378 1594 2428 Quare
1635 2380 1765 2418 tanto
1797 2374 2042 2432 impensius

357 2448 605 2490 curandum
637 2455 715 2503 est,
748 2454 800 2491 vt
832 2465 883 2492 ea
914 2450 963 2492 in
993 2465 1039 2492 re
1072 2450 1187 2491 nihil
1219 2450 1403 2506 impune
1434 2452 1656 2505 peccetur.
1718 2446 1901 2490 Tertio
1934 2446 2042 2488 dum

355 2519 622 2575 disputatur,
655 2535 746 2561 non
778 2520 896 2562 ferat
918 2522 1186 2578 Praeceptor
1219 2521 1404 2574 aliusue,
1438 2519 1516 2575 qui
1537 2517 1834 2575 disputationi
1854 2519 2042 2574 praeest,

354 2590 470 2631 vllas
509 2591 829 2633 collocutiones
875 2592 924 2633 in
961 2591 1133 2634 schola:
1177 2592 1409 2634 attendere
1451 2605 1602 2632 omnes
1642 2589 1815 2643 iubeat,
1864 2601 2043 2645 parcere

355 2661 540 2702 fabulis:
574 2676 666 2703 11011
698 2662 953 2717 dormitare,
986 2679 1077 2705 non
1109 2663 1262 2719 egredi
1291 2677 1371 2720 pro
1399 2662 1638 2704 arbitratu:
1671 2661 1889 2714 hortetur,
1922 2672 2042 2700 coar-

356 2736 478 2787 guat,
511 2732 781 2788 pudefaciat,
813 2739 947 2790 prout
978 2734 1185 2791 expedire
1217 2733 1501 2776 iudicauerit.
1565 2732 1771 2782 Quarto
1803 2730 2044 2773 hebdoma-

356 2802 506 2844 dariae
548 2803 876 2859 disputationes
923 2806 1034 2847 duas
1082 2805 1214 2847 horas
1255 2820 1311 2846 ne
1352 2804 1597 2846 excedant:
1640 2801 1865 2858 Quicquid
1896 2813 2043 2857 super-

357 2873 549 2927 additur,
582 2875 712 2930 angit
743 2880 787 2916 et
819 2875 1002 2917 conficit
1033 2876 1252 2917 sedentes:
1286 2875 1392 2917 hinc
1424 2875 1602 2917 odiosae
1632 2874 1747 2917 fiunt
1768 2877 1812 2915 et
1833 2885 2042 2914 onerosae

238 2945 365 3001 111311
399 2945 736 3001 disputationes,
778 2947 1038 3002 praesertim
1070 2951 1163 2988 tam
1196 2947 1388 3001 crebrae,
1427 2946 1538 3000 nisi,
1580 2960 1668 3002 quo
1699 2944 1952 2997 crebriores,
1992 2954 2043 2983 eo

506 3100 515 3119 ¹
542 3100 631 3135 Hier
657 3109 738 3135 zum
767 3100 796 3134 1.
811 3100 907 3135 Male
934 3100 998 3135 das
1029 3104 1088 3142 „c“
1116 3100 1154 3135 in
1180 3106 1307 3135 auctor
1332 3100 1404 3135 und
1432 3100 1558 3136 seinen
1577 3100 1789 3136 Derivaten.
