2143 3462
222 986 250 1009 p.
283 979 342 1002 12³6.

366 196 451 239 140
535 207 644 243 Ratio
671 209 873 244 studiorum
899 214 937 245 et
961 210 1217 247 institutiones
1243 211 1484 247 scholasticae
1508 212 1703 249 Societatis
1728 214 1818 250 Jesu
1842 215 1881 250 II

362 324 601 368 minimum
632 342 709 384 per
741 332 934 384 quatuor
964 344 1162 374 menses:
1201 330 1233 386 ij
1272 345 1465 386 namque
1502 345 1673 373 menses
1709 332 1974 388 posteriores
2005 337 2051 375 et

362 395 523 438 aestiui
553 402 658 440 sunt
690 403 734 440 et
764 399 935 443 habent
966 400 1133 444 alicubi
1170 401 1421 444 studiorum
1457 402 1763 445 remissionem
1802 418 1828 445 a
1858 404 2047 460 prandio

362 470 463 522 post
494 467 704 513 Iunium:
743 485 826 513 nec
856 472 1007 514 minus
1038 473 1211 529 aliquid
1241 472 1497 529 requiritur,
1528 477 1581 514 vt
1612 477 1707 516 tam
1738 474 1908 517 multae
1937 478 2051 517 tam-

363 551 447 592 que
479 538 643 581 arduae
675 542 957 596 quaestiones
989 543 1163 599 possint
1193 543 1380 586 absolui.
1427 544 1568 586 Porro
1587 558 1644 586 ne
1664 544 1885 587 secundus
1906 559 2051 588 annus

362 607 497 650 nimis
529 615 736 653 oneratus
768 613 997 669 videatur,
1036 615 1363 670 Prolegomena
1394 613 1637 670 Physicae,
1671 629 1786 671 quae
1817 615 1929 657 duos
1959 615 2051 658 fere

363 693 535 722 menses
567 696 784 738 occupare
817 684 973 738 solent,
1006 685 1312 728 contrahenda
1342 685 1555 728 videntur
1585 689 1631 727 et
1661 700 1828 742 magna
1848 701 1904 729 ex
1922 691 2053 743 parte

363 752 735 794 communicanda
778 768 879 796 cum
917 754 1109 810 Logico,
1155 756 1253 811 qui,
1298 771 1401 798 cum
1439 771 1466 798 a
1504 756 1661 798 multis
1698 757 2050 812 quaestionibus,

364 835 474 875 quas
504 822 553 864 in
584 823 942 880 Metaphysicam
974 826 1344 882 transposuimus,
1376 827 1591 869 liberatus
1621 826 1769 882 fuerit,
1801 831 1949 885 potest
1969 827 2051 870 sub

362 890 496 934 finem
513 893 728 936 librorum
746 895 1052 939 Posteriorum
1072 897 1307 940 instituere
1323 898 1567 955 pleniorem
1586 897 1813 954 quandam
1829 898 1883 941 de
1901 899 2054 942 Scien-

364 962 429 1003 tia
459 963 788 1021 tracfftationem
819 971 864 1008 et
902 968 951 1009 in
984 983 1036 1010 ea
1067 968 1278 1011 disserere
1310 969 1363 1011 de
1391 969 1690 1012 diuisionibus
1717 973 1761 1011 et
1790 969 2054 1012 abstractio-

361 1034 493 1076 nibus
525 1035 829 1092 scientiarum3
864 1038 917 1080 de
949 1040 1226 1096 speculatiuo
1258 1044 1304 1082 et
1333 1040 1550 1097 practico:
1585 1040 1639 1082 de
1669 1040 2053 1083 subalternatione

361 1119 452 1146 non
484 1107 629 1148 solum
658 1109 707 1149 in
738 1123 911 1165 genere,
945 1110 1022 1152 sed
1054 1111 1191 1154 etiam
1223 1126 1282 1153 an
1315 1111 1528 1153 scientiae
1559 1125 1711 1153 omnes
1743 1110 2053 1154 subalternen-

360 1180 436 1217 tur
467 1177 816 1235 Metaphysicae,
850 1180 905 1222 de
941 1182 1073 1224 modo
1114 1182 1290 1225 diuerso
1331 1182 1600 1240 procedendi
1638 1182 1686 1224 in
1718 1181 2052 1224 Mathematicis

360 1251 404 1288 et
441 1247 488 1289 in
519 1248 746 1305 Physicis,
790 1251 844 1294 de
889 1267 976 1308 quo
1020 1254 1287 1296 Aristoteles
1332 1254 1448 1296 libro
1495 1253 1690 1295 secundo
1736 1253 2049 1309 Physicorum.

360 1317 420 1358 Et
452 1319 666 1375 quicquid
700 1321 752 1363 de
775 1322 1038 1366 definitione
1069 1324 1238 1366 dicitur
1267 1324 1383 1367 libro
1403 1323 1596 1366 secundo
1620 1323 1672 1366 de
1693 1323 1874 1365 Anima.
1927 1324 2052 1366 Haec

360 1389 478 1431 enim
510 1394 553 1432 et
584 1391 842 1436 huiusmodi
874 1395 962 1436 alia
1000 1394 1355 1437 commodissime
1393 1394 1609 1451 coniungi
1639 1398 1837 1451 possunt,
1869 1409 1952 1436 nec
1982 1409 2054 1437 su-

358 1466 518 1515 perant
541 1467 721 1518 captum
737 1464 1024 1519 Auditorum,
1057 1465 1134 1521 qui
1164 1464 1213 1506 in
1245 1464 1334 1506 fine
1364 1465 1558 1520 Logicae
1589 1469 1838 1508 versantur.

501 1535 569 1577 20.
604 1534 659 1575 In
690 1535 956 1591 opinionum
988 1536 1165 1578 delectu
1186 1536 1416 1592 generales
1448 1536 1630 1592 regulae
1650 1536 1893 1592 Theologis
1923 1550 2050 1593 prae-

358 1603 561 1659 scriptae,
596 1611 816 1660 quatenus
839 1608 895 1649 ad
915 1607 1212 1664 Philosophos
1250 1608 1471 1664 pertinere
1502 1613 1707 1664 possunt,
1742 1608 2046 1650 obseruentur.

356 1673 476 1716 Illud
507 1677 681 1734 proprie
712 1683 915 1733 caueant,
948 1694 1004 1720 ne
1024 1678 1082 1722 ab
1101 1678 1345 1721 Aristotele
1374 1679 1598 1733 recedant,
1629 1678 1719 1720 nisi
1747 1679 1796 1720 in
1826 1677 1904 1734 ijs,
1935 1693 2049 1735 quae

358 1746 428 1787 vel
462 1747 589 1789 Fidei
612 1748 831 1805 derogant
853 1750 1127 1805 aliqualiter,
1158 1751 1232 1793 vel
1255 1750 1488 1792 doctrinae
1507 1749 1718 1806 cuipiam,
1750 1764 1863 1806 quae
1882 1749 2048 1806 vbique

362 1821 448 1861 fere
480 1824 659 1875 recepta
680 1820 753 1872 sit,
787 1826 1055 1877 repugnant.
1104 1822 1250 1864 Enixe
1273 1836 1449 1877 quoque
1469 1821 1693 1876 studeant,
1725 1821 2050 1863 communiores

362 1892 591 1947 magisque
623 1906 743 1933 nunc
776 1893 1045 1949 approbatas
1062 1892 1438 1949 Philosophorum
1461 1892 1705 1934 sententias
1733 1891 1863 1946 tueri,
1895 1892 2049 1948 quales

358 1963 550 2019 exempli
583 1964 732 2017 gratia
763 1968 869 2005 sunt
899 1978 1013 2019 quae
1046 1968 1313 2019 sequuntur:

500 2050 536 2075 a.
572 2035 763 2076 Materia
809 2035 954 2091 prima
1000 2034 1135 2076 habet
1182 2035 1409 2091 propriam
1449 2034 1734 2077 existentiam
1772 2050 1849 2077 seu
1896 2038 2047 2077 actum

359 2106 666 2146 ‹·11titatiuuin.

500 2176 540 2217 b.
575 2177 814 2218 Materiam
848 2177 1037 2233 primam
1068 2181 1113 2218 et
1144 2177 1241 2218 fieri
1273 2181 1318 2219 et
1339 2192 1431 2219 esse
1463 2177 1557 2219 sine
1575 2176 1720 2219 forma
1750 2191 1828 2233 per
1846 2176 2047 2218 diuinam

361 2248 606 2302 potentiani
639 2263 731 2289 non
762 2252 995 2304 repugnat.

501 2338 534 2360 0.
570 2320 800 2361 Naturalis
841 2324 908 2361 est
946 2324 1094 2361 motus
1138 2320 1251 2361 coeli
1290 2320 1450 2362 saltem
1489 2319 1734 2361 secundum
1771 2318 2045 2375 principium

364 2392 601 2445 pussillum.

500 2463 541 2502 (Ι.
579 2464 659 2503 Est
690 2463 742 2503 dv
773 2463 947 2503 ratione
980 2467 1128 2504 motus
1159 2462 1338 2519 proprie
1369 2461 1479 2503 dicti
1512 2461 1742 2502 successio.

501 2552 533 2576 υ,
572 2534 767 2574 intensio
800 2534 851 2575 fit
882 2548 960 2589 per
991 2533 1266 2574 additionem
1298 2533 1495 2589 partium
1527 2532 1827 2587 gradualium.

503 2606 530 2645 f.
573 2606 722 2645 Motus
754 2610 798 2645 «ft
830 2610 1005 2661 teinpus
1037 2607 1142 2646 sunt
1173 2603 1294 2645 entia
1325 2603 1475 2645 realia.

499 2692 541 2727 g.
580 2677 641 2715 Du
663 2676 828 2717 Anima
853 2675 1138 2730 intellectiua,
1160 2674 1296 2716 etiam
1318 2678 1370 2717 vt
1391 2674 1682 2729 intellecffiua,
1713 2678 1905 2717 tractare
1924 2674 2043 2729 Phy-

361 2749 435 2788 sivi
472 2755 550 2789 vsi..

502 2819 541 2859 h.
584 2820 626 2859 [ι]
667 2835 752 2860 vno
786 2819 965 2860 homine
997 2834 1087 2860 vna
1119 2821 1295 2860 tantum
1327 2821 1395 2857 est
1425 2816 1587 2858 anima.

502 2890 527 2930 i.
573 2889 739 2930 Anima
780 2890 1012 2930 rationalis
1052 2888 1294 2930 secundum
1332 2887 1619 2930 Aristotelem
1658 2892 1724 2930 est
1762 2888 2045 2941 immortalis,

362 2977 440 3001 nm:
479 2960 684 3000 ‹uhu-itur
725 2960 778 3000 <le
823 2960 1022 3015 potentia
1062 2959 1297 3013 materiae,
1337 2964 1381 3000 et
1420 2963 1486 3000 est
1517 2974 1620 3001 vere
1651 2958 1916 3016 proprieque
1947 2973 2043 3000 cor-

364 3032 477 3087 ,nn-is
510 3032 666 3072 forma..

500 3103 541 3143 k.
579 3101 853 3143 Naturaliter
884 3102 1178 3144 demonstrari
1215 3106 1380 3158 potest,
1418 3103 1613 3146 animam
1634 3101 1921 3144 Rationalem
1953 3116 2044 3143 esse
