2148 3402
684 189 749 231 Ep.
775 188 815 222 P.
842 189 1049 222 Roothaan.
1080 189 1181 223 1832.
1713 180 1793 220 [331

234 307 404 349 Verum
449 306 486 348 si
526 321 668 350 novas
707 308 817 349 istas
855 306 1091 348 methodos
1136 307 1376 349 admittere
1416 324 1497 349 nec
1539 309 1667 350 decet
1705 325 1799 363 1108,

95 392 238 432 110(1110
269 376 338 418 fas
370 381 436 419 est
467 377 515 419 in
547 377 623 432 iis,
664 393 778 434 quae
809 382 959 419 rectae
992 378 1275 420 institutioni
1307 394 1358 420 00
1391 394 1524 435 scopo
1559 380 1800 422 Societatis

99 448 413 503 adversantur,
445 449 483 490 si
502 450 766 491 novitatum
799 449 1091 503 amatoribus,
1124 449 1301 491 etiamsi
1324 450 1397 491 vel
1428 450 1798 492 1naxi11101i0<=1=0t

93 524 171 561 aut
196 519 440 576 expediret,
474 520 584 563 satis
618 537 643 563 a
674 520 805 562 nobis
836 520 932 562 fieri
964 535 1019 562 ne
1051 525 1201 577 posset
1234 520 1430 576 quidem,
1464 536 1566 562 011111
1599 522 1797 577 plerique

91 604 182 631 non
224 590 280 631 ab
321 590 520 646 antiquis
559 592 705 646 magis
735 606 872 647 quam
903 591 1021 633 inter
1053 607 1098 633 sc
1130 591 1436 648 discrepantia
1467 596 1512 634 et
1543 594 1797 648 pugnantia

90 661 340 717 postulent:
394 661 442 702 in
473 661 700 717 aliquibus
731 666 895 717 tamen,
930 677 1044 718 quae
1076 667 1222 704 rectae
1253 663 1559 705 institutionis
1592 664 1800 705 substan-

90 733 204 774 tiam
236 746 328 774 non
361 732 616 788 attingunt,
651 750 676 775 a
697 734 888 775 Patrum
910 738 1168 776 nostrorum
1191 750 1275 776 usu
1306 734 1511 776 recedere
1543 739 1793 791 temporum

88 819 170 845 nos
201 804 325 859 cogit
356 804 610 859 necessitas,
643 804 715 847 cui
745 809 930 847 eatenus
962 805 1128 847 servire
1160 821 1251 847 non
1284 805 1417 847 modo
1450 805 1578 847 nefas
1600 821 1690 847 11011
1714 811 1794 858 est,

88 874 164 916 sed
195 874 364 917 rationi
394 875 602 917 Instituti
634 876 779 918 nostri
812 876 870 919 ad
901 875 1117 932 majorem
1146 876 1231 918 Dei
1264 876 1458 932 gloriam
1491 877 1565 918 vel
1597 877 1795 919 maxime

88 949 453 988 consentaneum.

227 1017 287 1059 Et
307 1017 355 1059 111
379 1017 541 1060 8111(1118
573 1018 754 1074 quidem
789 1019 1094 1061 albioribus
1126 1019 1457 1075 pertractandis
1478 1034 1613 1074 quam
1636 1019 1793 1072 multa,

87 1104 200 1144 quae
244 1089 352 1130 olim
391 1104 447 1130 ne
488 1089 537 1131 in
568 1091 923 1132 controversiam
956 1089 1138 1146 quidem
1170 1090 1474 1145 vocabantur,
1515 1090 1600 1132 hac
1641 1095 1791 1132 autem

85 1159 326 1215 iniquitate
358 1164 615 1217 temporum
647 1161 809 1203 acriter
841 1166 1179 1218 oppugnantur,
1212 1162 1354 1203 firmis
1386 1161 1667 1217 argumentis
1690 1176 1792 1203 con-

84 1230 315 1272 stituenda
347 1236 466 1286 sunt,
499 1247 554 1273 ne
585 1232 793 1274 veritatis
824 1232 922 1289 ipsa
953 1233 1251 1275 fundamenta
1283 1233 1580 1275 subruantur!
1644 1233 1790 1283 Quam

83 1303 227 1344 multa
249 1303 462 1357 vicissim,
495 1318 608 1359 quae
641 1303 751 1346 olim
784 1304 842 1346 ad
873 1304 1047 1359 ingenii
1080 1304 1448 1346 exercitationem
1481 1305 1627 1360 magis
1652 1320 1788 1360 quam

83 1374 141 1415 ad
170 1374 377 1416 veritatis
409 1375 799 1417 confirmationem
831 1375 1003 1432 prolixe
1035 1376 1172 1418 etiam
1205 1376 1514 1432 agitabantur,
1547 1392 1669 1418 nunc
1701 1377 1790 1418 uti-

82 1445 171 1486 lius
203 1445 478 1500 omittenda;
513 1451 566 1489 ut
597 1446 743 1502 magis
775 1447 1036 1489 necessariis
1067 1452 1246 1504 tempus
1266 1452 1490 1504 suppetat,
1523 1448 1579 1489 iis
1599 1448 1787 1504 inquam

82 1516 300 1558 doctrinis
331 1517 590 1573 firmandis,
624 1519 673 1560 in
705 1518 869 1574 quibus
900 1533 1075 1560 summa
1105 1534 1251 1561 rerum
1284 1519 1499 1573 vertitur;
1547 1524 1689 1575 utque
1721 1535 1785 1574 00,

82 1602 196 1643 (11100
237 1588 294 1630 ad
339 1588 675 1632 dubitationem
713 1590 762 1631 in
792 1589 926 1632 rebus
958 1589 1096 1631 etiam
1129 1590 1390 1632 certissimis
1423 1594 1559 1646 atque
1591 1591 1784 1632 clarissi-

81 1660 165 1700 mis
204 1660 477 1702 movendam
515 1661 776 1717 excogitata
815 1677 841 1703 a
879 1661 996 1702 male
1028 1660 1203 1703 feriatis
1234 1663 1308 1704 vel
1338 1662 1491 1719 impiis
1521 1662 1784 1704 hominibus

81 1730 217 1785 fuere,
255 1731 458 1774 veritatis
488 1733 585 1775 11100
618 1732 923 1775 discutiantur
955 1748 1007 1774 00
1037 1732 1323 1775 refellantur!

221 1802 422 1845 Licuerit
462 1819 567 1846 sane
612 1804 789 1846 meliori
835 1820 948 1846 aevo
996 1804 1181 1860 ingenio
1226 1804 1463 1861 indulgere
1502 1809 1546 1847 et
1584 1805 1783 1846 innoxiis

77 1874 203 1929 licet,
253 1875 402 1917 minus
440 1879 592 1917 tamen
630 1875 819 1918 utilibus
856 1875 1197 1932 quaestionibus
1229 1876 1402 1919 diutius
1434 1876 1684 1930 inhaerere3
1734 1881 1782 1918 at

79 1961 199 1987 nunc
237 1946 419 2002 quidem
457 1952 575 1989 certe
615 1948 872 1990 necessitati
913 1947 1059 2003 magis
1092 1948 1382 1990 serviendum
1422 1952 1510 2003 est,
1557 1948 1693 2004 idque
1730 1963 1781 1990 00

78 2017 215 2058 0110111
247 2018 407 2073 magis,
442 2019 562 2074 quod
592 2019 760 2075 ubique
791 2019 930 2061 ferme
957 2019 1052 2075 jam
1084 2019 1426 2075 angustioribus
1458 2019 1615 2076 spatiis
1638 2019 1782 2061 studi-

79 2103 206 2130 orum
237 2089 509 2132 curriculum
541 2090 955 2145 circumscribatur,
996 2090 1068 2133 cui
1102 2091 1389 2132 incommodo
1422 2090 1669 2132 remedium
1700 2106 1780 2146 per

76 2174 158 2201 nos
190 2159 355 2202 adferri
387 2165 543 2217 optare
577 2162 758 2218 quidem
789 2178 1048 2219 possumus,
1081 2177 1258 2219 sperare
1288 2162 1368 2204 vix
1401 2178 1452 2204 ac
1484 2178 1541 2204 110
1574 2162 1652 2204 vix
1684 2162 1782 2217 qui-

76 2229 177 2271 dem
209 2231 437 2274 audemus

218 2302 391 2344 Eadem
410 2304 653 2347 necessitas
674 2306 774 2362 plus
795 2321 917 2348 nunc
938 2306 1165 2362 temporiS,
1199 2321 1333 2362 quam
1362 2306 1483 2361 olim,
1516 2322 1544 2362 p
1557 2305 1778 2361 hysicis

77 2387 129 2413 00
176 2373 587 2417 mathematicis
634 2376 796 2418 studiis
843 2377 984 2419 tribui
1031 2378 1246 2434 postulat.
1310 2378 1466 2433 Neque
1513 2392 1619 2419 vero
1667 2377 1777 2419 haec

76 2443 227 2485 studia
267 2450 347 2486 aut
387 2460 413 2487 a
451 2462 532 2488 suo
564 2447 784 2489 Instituto
826 2448 973 2490 aliena
1013 2464 1212 2504 unquam
1251 2448 1531 2491 existimavit
1563 2449 1776 2503 Societas,

77 2518 157 2555 aut
195 2515 326 2557 nobis
365 2531 415 2558 ea
453 2532 574 2560 1111110
606 2519 836 2575 negligere
868 2519 988 2574 licet,
1023 2535 1137 2575 quae
1168 2520 1356 2562 maximi
1388 2520 1473 2562 hac
1504 2524 1777 2577 tempestate

76 2585 213 2640 fiunt,
255 2590 299 2628 et
346 2587 441 2629 sine
479 2588 642 2644 quibus
675 2590 917 2632 Societatis
957 2591 1213 2633 academiae
1244 2591 1463 2634 honorem
1495 2592 1613 2634 tueri
1644 2607 1775 2634 suum

75 2671 359 2713 nequaquam
381 2664 579 2715 possent,
602 2676 686 2703 nec
705 2661 913 2718 publicae
935 2663 1263 2719 exspectationi
1285 2663 1564 2720 respondere.
1604 2664 1776 2713 Quodsi

74 2726 196 2770 hisce
222 2728 422 2771 scientiis
454 2731 587 2773 multi
619 2732 668 2773 in
699 2733 1006 2775 sanctissimae
1036 2734 1271 2790 religionis
1303 2734 1623 2777 detrimentum
1645 2735 1776 2777 abusi

76 2803 203 2853 sunt,
250 2804 431 2842 tantum
476 2802 624 2857 abest,
671 2808 723 2845 ut
762 2809 999 2860 propterea
1030 2804 1177 2847 deseri
1206 2805 1311 2847 illae
1344 2822 1370 2848 a
1403 2806 1533 2848 nobis
1566 2806 1772 2860 debeant,

75 2873 127 2911 ut
165 2870 250 2913 hoc
287 2872 361 2913 vel
399 2873 594 2916 maxime
633 2875 815 2916 nomine
854 2875 1098 2918 studiosius
1139 2876 1195 2918 ad
1239 2892 1291 2919 ea
1334 2878 1594 2919 incumbere
1634 2879 1772 2919 etiam

76 2940 264 2983 Nostros
295 2957 474 2985 necesse
504 2944 577 2999 sit,
611 2960 698 3001 quo
730 2945 928 2988 inimicis
960 2961 1085 2988 arma
1116 2947 1284 3004 eripere
1315 2952 1371 3003 et,
1410 2949 1574 3004 quibus
1604 2949 1682 2990 isti
1714 2949 1772 2990 ad

75 3011 315 3055 veritatem
351 3014 710 3070 impugnandam
742 3017 1014 3072 abutuntur,
1047 3018 1103 3061 iis
1136 3020 1193 3061 ad
1224 3019 1430 3062 veritatis
1467 3019 1771 3061 defensionem

76 3087 193 3130 recte
224 3084 295 3131 uti
325 3099 407 3131 nos
438 3085 674 3147 possimus,
735 3088 913 3135 Veritas
946 3090 1067 3136 enim
1099 3090 1267 3151 ubique
1307 3090 1393 3139 sibi
1431 3094 1608 3137 constat
1647 3094 1692 3134 et
1722 3090 1770 3137 in
