2148 3402
589 194 632 230 R.
661 199 706 231 st.
735 198 835 232 1586.
880 196 994 230 Casus
1022 193 1294 230 Conscientiae.
1723 184 1806 228 123

108 314 145 356 si
177 329 230 356 ex
260 314 460 371 professo
493 315 567 357 vel
600 314 844 371 aliquando
883 313 1076 356 audiunt
1110 313 1437 368 Confessiones,
1471 314 1607 356 etiam
1640 314 1678 356 si
1710 314 1806 356 Ma-

108 385 240 441 gistri
272 385 538 428 Scholarum
571 386 675 428 sint.
737 385 821 429 Vel
854 385 973 426 enim
1006 384 1230 427 liberandi
1263 388 1370 426 sunt
1399 386 1404 439 1
1434 384 1490 426 ab
1524 399 1654 426 onere
1689 386 1805 427 Con-

108 456 367 511 fessionum,
398 457 485 511 vel,
517 457 555 499 si
587 457 633 499 id
665 456 761 498 fieri
793 456 971 511 nequit,
1009 471 1101 497 non
1132 456 1396 511 relinquant
1426 455 1686 497 huiusmodi
1719 456 1807 497 col-

107 527 337 583 lationem,
370 532 436 570 est
470 528 587 569 enim
622 532 717 570 tam
748 527 875 569 varia
896 541 947 568 ac
978 527 1220 583 multiplex
1242 527 1350 569 haec
1379 526 1566 568 scientia
1588 526 1805 568 Casuum:

109 603 202 640 tam
234 599 460 641 lubricum
494 614 544 641 ac
577 598 720 640 fallax
758 597 996 639 iudicium:
1037 602 1131 639 tam
1169 597 1313 654 fugax
1352 603 1397 640 et
1427 598 1689 639 inconstans
1720 613 1810 639 me-

109 669 264 723 moria,
299 673 349 712 vt
382 670 477 711 sine
509 669 663 711 crebra
688 668 850 711 harum
881 684 1031 710 rerum
1048 669 1354 711 inculcatione
1375 669 1455 711 vix
1476 683 1636 724 graues
1656 669 1808 725 lapsus

109 740 295 782 valeant
326 741 500 783 euitari.
563 741 656 783 Nec
688 755 847 797 parum
881 740 1126 782 verendum
1168 744 1252 795 est,
1292 756 1348 782 ne
1379 740 1598 796 quosdam
1630 740 1808 782 taedere

109 811 274 853 laboris
305 811 508 868 incipiat,
543 816 588 853 et
626 811 789 854 malint
836 826 890 853 ex
936 815 1155 868 tempore,
1196 826 1331 867 quam
1370 811 1613 866 meditato,
1652 815 1696 853 et
1729 826 1808 853 suo

109 882 259 939 potius
290 882 377 939 ipsi
395 883 577 938 iudicio,
612 898 748 938 quam
769 897 823 924 ex
841 883 1091 924 Doctorum
1108 883 1384 939 praescripto
1404 882 1686 939 respondere,
1717 897 1809 924 non

108 953 204 995 sine
234 968 400 1010 magna
419 959 597 996 nostrae
617 954 981 1008 existimationiS,
1013 969 1070 996 ne
1102 954 1250 997 dicam
1272 954 1584 1008 conscientiae,
1617 953 1808 1002 iactura,

112 1024 371 1081 Superiores
411 1026 547 1068 etiam
586 1025 641 1081 ijs
679 1026 893 1067 interesse
935 1025 1256 1068 collationibus
1296 1030 1541 1083 oporteret,
1580 1030 1678 1067 tum
1721 1039 1808 1081 quo

113 1095 257 1151 magis
290 1096 496 1139 ordinate
544 1101 588 1139 et
628 1097 830 1153 grauiter
867 1101 1164 1153 peragantur,
1204 1101 1303 1139 tum
1342 1097 1448 1153 quia
1479 1111 1809 1153 nonnunquam

110 1167 255 1209 nihilo
288 1167 437 1210 minus
469 1168 553 1210 hoc
587 1168 759 1210 auxilio
802 1167 1012 1224 indigent
1048 1168 1154 1225 ipsi,
1198 1182 1335 1224 quam
1373 1168 1556 1225 reliqui,
1589 1183 1691 1211 cum
1723 1167 1810 1210 fre-

113 1242 300 1294 quenter
331 1238 386 1295 ijs
418 1239 472 1281 de
503 1239 635 1282 rebus
669 1239 977 1281 consulantur.

258 1312 324 1354 10.
358 1311 509 1366 Atque
540 1310 623 1353 hae
654 1310 931 1365 collationeS,
967 1325 1055 1366 quo
1082 1310 1407 1354 fructuosiores
1433 1311 1538 1367 sint,
1571 1311 1809 1353 instituen-

111 1381 193 1423 dae
216 1381 430 1424 videntur
451 1382 536 1424 hoc
558 1382 649 1424 fere
671 1382 820 1424 modo.
869 1382 918 1424 Si
940 1382 989 1423 in
1008 1381 1235 1438 Collegijs,
1258 1397 1372 1438 quae
1388 1382 1620 1440 publicam
1637 1382 1810 1424 habent

113 1453 310 1495 Casuum
341 1453 594 1508 lectionem,
629 1453 771 1509 aliqui
804 1453 895 1495 sint
928 1453 1204 1507 Sacerdotes,
1236 1454 1314 1508 qui
1336 1468 1433 1495 eam
1454 1453 1695 1496 lectionem
1717 1467 1809 1495 non

114 1523 330 1579 audiunt,
361 1523 465 1566 licet
505 1524 733 1566 audierint
769 1525 840 1566 vel
890 1525 946 1567 ad
985 1525 1148 1567 altiora
1189 1525 1326 1567 etiam
1366 1525 1591 1582 progressi
1628 1526 1740 1580 sint,
1772 1525 1810 1567 si

114 1599 266 1637 tamen
311 1594 611 1637 confessiones
651 1595 844 1637 audiunt
884 1600 1190 1650 externorum,
1223 1597 1292 1638 bis
1323 1596 1371 1638 in
1408 1597 1691 1639 hebdomada
1731 1602 1810 1638 aut

114 1666 248 1707 semel
279 1666 438 1708 saltem
470 1666 685 1708 intersint
723 1667 827 1721 (nisi
867 1683 994 1710 suam
1035 1668 1219 1710 seorsim
1259 1666 1425 1710 habere
1465 1666 1647 1722 malint,
1689 1667 1810 1723 quod

115 1737 337 1779 ordinarie
370 1737 510 1779 satius
533 1740 615 1793 est)
650 1738 919 1781 domesticae
941 1740 1216 1796 repetitioni,
1249 1754 1383 1795 quam
1409 1738 1580 1781 habent
1609 1738 1810 1794 quotidie

114 1808 333 1851 Casistae:
368 1809 556 1851 audiant
587 1824 660 1852 eos
691 1814 954 1867 repetentes,
987 1811 1269 1867 interrogent
1301 1810 1355 1851 de
1390 1809 1552 1865 quibus
1580 1810 1808 1853 dubitant.

113 1880 455 1936 Interrogentur
486 1885 530 1923 et
561 1881 646 1938 ipsi
681 1896 706 1923 a
738 1883 1036 1937 Praeceptore
1067 1896 1408 1937 nonnunquam,
1441 1881 1551 1937 quid
1583 1881 1641 1923 ad
1671 1881 1811 1922 istum

114 1951 186 1993 vel
228 1951 284 1993 ad
321 1952 450 1993 illum
491 1967 643 1994 casum
675 1951 998 2009 respondeant,
1040 1953 1254 1995 accedant
1302 1967 1407 1995 vero
1439 1952 1586 2009 parati
1620 1952 1676 1994 ad
1711 1966 1810 1994 eam

117 2022 366 2077 materiam,
402 2023 453 2064 de
487 2038 575 2079 qua
605 2028 716 2066 tunc
748 2024 1007 2081 disputatur
1037 2025 1086 2066 in
1117 2024 1282 2066 schola.

257 2097 325 2138 11.
358 2095 449 2137 Vbi
479 2094 595 2136 nihil
634 2095 814 2152 publice
851 2096 1126 2151 praelegitur
1164 2096 1219 2137 de
1259 2095 1467 2150 Casibus,
1516 2093 1811 2137 collationum

114 2166 298 2207 Praeses
330 2170 500 2207 statuat
531 2166 766 2208 materiam
799 2166 1011 2221 aliquam,
1045 2167 1098 2208 de
1121 2182 1208 2222 qua
1234 2166 1541 2209 disserendum
1568 2167 1640 2222 sit,
1673 2171 1725 2209 vt
1758 2166 1811 2208 de

114 2251 263 2290 vsura,
301 2237 354 2278 de
377 2238 582 2292 simonia,
616 2237 669 2279 de
690 2242 813 2291 voto,
846 2237 900 2279 de
921 2238 1225 2293 matrimonio,
1259 2238 1313 2280 de
1335 2238 1591 2292 homicidio,
1625 2238 1679 2280 de
1701 2238 1811 2279 irre-

114 2308 371 2363 gularitate,
405 2313 486 2350 etc.
536 2309 596 2350 Et
617 2309 840 2366 principio
863 2309 1042 2365 quidem
1066 2310 1256 2366 ipsemet
1276 2310 1471 2352 breuiter
1494 2310 1666 2367 aperiat
1687 2324 1812 2366 prae-

115 2378 247 2435 cipua
279 2379 424 2436 capita
459 2395 509 2422 ac
539 2379 835 2422 fundamenta
866 2381 989 2422 illius
1029 2382 1264 2434 materiae,
1297 2386 1349 2424 vt
1381 2381 1636 2437 generalem
1670 2395 1812 2436 quan-

115 2450 218 2492 dam
259 2451 470 2492 notitiam
518 2455 562 2493 et
605 2456 823 2507 tanquam
872 2451 1015 2493 lucem
1059 2452 1108 2493 in
1155 2467 1309 2494 omnes
1355 2452 1478 2494 illius
1525 2451 1812 2493 tractationis

114 2525 262 2577 partes
308 2521 536 2578 praebeat:
590 2522 750 2564 deinde
798 2522 854 2563 ad
898 2523 1183 2578 singularum
1213 2523 1412 2580 partium
1447 2528 1491 2565 et
1524 2523 1812 2578 questionum

116 2607 302 2634 examen
353 2593 552 2635 accedat:
601 2608 692 2635 non
724 2598 777 2636 vt
822 2594 915 2651 ipse
963 2609 1042 2651 per
1086 2609 1131 2636 se
1169 2594 1270 2636 illas
1311 2599 1527 2651 exponat,
1567 2593 1642 2635 sed
1676 2594 1812 2636 alicui

117 2662 370 2715 demandet,
403 2668 453 2704 vt
485 2663 539 2705 de
571 2664 722 2719 aliqua
754 2665 1016 2720 quaestione
1050 2670 1129 2707 aut
1155 2665 1301 2722 capite
1321 2665 1446 2707 illius
1477 2664 1690 2707 materiae
1722 2669 1812 2707 tres

117 2739 364 2788 quatuorue
398 2736 537 2777 Casus
568 2736 743 2792 seligat,
777 2751 939 2793 eosque
973 2752 998 2778 a
1030 2752 1074 2778 se
1104 2736 1360 2792 recognitos
1392 2741 1436 2778 et
1457 2736 1716 2778 emendatos
1749 2735 1812 2778 af-

117 2804 199 2860 figi
229 2805 383 2847 iubeat
422 2807 470 2847 in
510 2807 607 2849 loco
644 2807 942 2864 repetitionis,
983 2812 1142 2850 notato
1175 2807 1240 2849 ibi
1273 2807 1358 2861 die,
1400 2822 1488 2863 quo
1522 2806 1809 2849 examinandi

117 2875 220 2917 sint.
283 2877 367 2918 His
407 2891 512 2919 vero
553 2878 742 2920 Casibus
773 2879 987 2920 studeant
1030 2879 1195 2921 caeteri
1230 2878 1496 2920 indistincte
1527 2878 1646 2935 apud
1683 2892 1812 2933 quos-

119 2961 292 3002 cunque
329 2948 559 2990 voluerint
590 2949 828 3003 Doctores,
852 2950 940 2991 vel
978 2950 1170 3004 quilibet
1216 2950 1335 3006 apud
1374 2965 1516 2992 vnum
1558 2949 1750 3004 aliquem
1786 2963 1811 2989 a

119 3017 328 3060 Praeside
360 3018 692 3074 praestitutum.
756 3021 1004 3076 Postquam
1037 3022 1330 3062 conuenerint
1362 3035 1528 3074 omnes,
1562 3020 1814 3073 interroget

123 3101 265 3130 vnum
298 3090 493 3145 aliquem
525 3089 580 3131 de
612 3090 758 3146 primo
791 3091 923 3146 Casu,
955 3091 1114 3133 deinde
1146 3091 1257 3134 duos
1293 3091 1383 3133 fere
1416 3091 1526 3133 alios
1558 3090 1612 3132 de
1643 3089 1811 3143 eodem,

1828 409 1855 432 p.
1887 400 1948 426 166.

1833 2121 1861 2145 p.
1894 2113 1954 2137 167.
