2089 3381
634 141 677 177 R.
703 143 749 177 st.
777 141 878 176 1586.
916 136 1253 175 Commentariolus.
1739 126 1797 170 39

103 264 301 307 'rhomae
332 279 424 305 non
455 263 616 317 minus,
650 275 786 318 quam
816 257 1075 301 Thoinistae
1108 256 1225 298 inter
1256 271 1314 310 se,
1347 256 1494 312 magis
1526 258 1677 310 etiam,
1710 271 1797 312 quo

103 335 269 378 minori
307 335 490 377 vinculo
529 349 631 376 cum
670 332 714 375 S.
743 330 917 373 Thoma
959 327 1190 371 coniuncti
1221 332 1347 381 sunt;
1397 342 1477 368 nec
1509 327 1701 383 expedit,
1748 331 1799 369 vt

101 407 150 448 in
181 420 342 462 genere
375 405 571 461 aliquem
593 401 929 445 Thomistarum
962 414 1135 456 semper
1157 398 1283 454 sequi
1305 398 1561 451 iubeantur,
1586 412 1686 438 cum
1708 412 1799 439 non

103 492 257 520 omnes
289 476 626 518 Thomistarum
663 471 1056 529 interpretationes
1095 485 1251 512 sanam
1289 474 1603 525 receptamque
1636 469 1799 510 doctri-

103 563 206 590 nam
247 548 446 605 sapiant3
489 550 533 588 et
571 560 673 588 cuin
712 543 845 586 modo
878 542 1131 599 speciosum
1163 546 1300 597 atque
1332 540 1631 584 honorificum
1665 541 1723 582 sit
1755 541 1798 583 S.

103 619 302 662 Thomae
340 617 595 661 doctrinam
635 615 851 673 profiteri,
892 614 1178 657 conabuntur
1217 612 1361 669 aliqui
1398 627 1479 654 sua
1518 611 1709 654 inuenta
1747 627 1798 654 ex

104 690 149 732 S.
179 689 377 732 Thomae
416 688 565 731 verbis
597 700 857 742 emungere:
890 700 997 727 nam
1031 701 1056 727 a
1087 684 1244 726 inultis
1274 684 1366 726 iam
1399 683 1529 725 annis
1562 683 1799 737 cernimus,

103 765 148 803 et
179 761 356 818 saepius
389 759 572 816 quidem
604 773 739 814 quam
771 758 1003 811 vellemus,
1036 756 1146 810 fieri,
1180 760 1231 798 vt
1262 755 1474 797 nonnulli
1509 755 1552 798 S.
1580 754 1801 796 Thomam

102 832 149 874 in
189 847 288 874 eam
324 830 608 884 sententiam,
642 844 777 885 quam
809 828 999 885 cupiunt
1031 828 1217 881 sancire,
1252 826 1564 882 detorqueant.
1629 824 1803 868 Securi-

102 903 212 946 tatis
243 903 396 959 itaque
429 906 474 944 et
504 901 767 944 concordiae
799 901 915 942 ratio
947 899 1161 957 postulat,
1196 902 1247 939 vt
1277 899 1326 939 in
1353 897 1641 954 grauioribus
1669 897 1674 952 Ι
1704 896 1800 953 qui·
1821 922 1849 945 p.
1872 913 1916 938 22.

102 974 291 1017 busdam
330 974 440 1017 locis
478 988 569 1016 non
602 972 736 1015 modo
768 986 838 1014 res
868 973 978 1029 ipsa,
1011 970 1088 1012 sed
1120 974 1165 1012 et
1199 971 1242 1013 S.
1264 969 1463 1012 Thomae
1488 967 1803 1026 interpretatio

102 1051 225 1088 certa
257 1050 495 1088 statuatur.

244 1117 316 1159 Ex
347 1116 402 1173 ijs
433 1116 619 1173 planum
651 1115 717 1169 fit,
758 1113 943 1156 modum
974 1113 1173 1167 tertium,
1213 1112 1424 1155 undecim
1456 1112 1626 1168 regulis
1668 1127 1804 1169 supra

102 1188 317 1246 expositis
364 1187 746 1244 comprehensum,
799 1200 891 1228 esse
938 1184 1071 1227 rebus
1116 1185 1283 1226 nostris
1325 1184 1437 1226 bene
1483 1183 1804 1241 componendis

105 1259 414 1317 aptissimum:
447 1273 555 1301 nam
586 1258 729 1300 libera
763 1257 983 1314 quaedam
1019 1256 1237 1311 relinquit
1269 1255 1496 1309 distincte,
1532 1254 1681 1312 quoad
1710 1254 1804 1296 eius

104 1331 204 1373 fieri
234 1335 396 1388 potest,
430 1335 604 1372 caetera
637 1329 815 1382 definit3
850 1327 1011 1370 definit
1043 1332 1194 1370 autem
1226 1327 1462 1384 speciatim
1506 1327 1672 1383 aliqua,
1716 1326 1804 1367 alia

104 1401 373 1459 generatim3
423 1401 656 1458 speciatim
697 1400 879 1456 quidem
917 1414 1075 1456 pauca,
1120 1413 1234 1455 quae
1277 1398 1321 1441 S.
1354 1398 1549 1440 Thomas
1587 1412 1679 1440 non
1718 1397 1799 1439 die

104 1477 258 1531 putat;
307 1473 531 1530 pauciora,
572 1472 737 1529 quibus
776 1471 821 1514 S.
854 1471 1053 1513 Thomae
1094 1470 1339 1512 nonnullae
1377 1469 1677 1526 expositiones
1717 1484 1805 1511 me-

104 1544 235 1587 liores
267 1545 545 1596 indicantum
592 1542 878 1600 paucissima,
919 1541 967 1583 in
1012 1541 1178 1598 quibus
1218 1542 1262 1584 S.
1292 1541 1512 1583 Thomam
1545 1555 1637 1583 non
1678 1540 1805 1596 sequi

106 1616 249 1658 satius
281 1615 477 1659 videtur.
541 1614 800 1657 Generatim
835 1613 1028 1670 denique
1069 1612 1123 1654 de
1154 1612 1339 1668 reliquis
1379 1612 1554 1666 statuit,
1592 1615 1644 1654 vt
1675 1611 1806 1653 iuxta

108 1687 153 1729 S.
175 1686 373 1729 Thomae
404 1686 675 1728 sententiam
708 1685 995 1727 definiantur.
1058 1683 1112 1726 Id
1143 1683 1264 1739 quod
1283 1699 1430 1740 neque
1453 1683 1628 1737 durum,
1661 1697 1806 1738 neque

108 1772 279 1800 nouum
310 1757 663 1799 existimandum
696 1761 777 1811 est,
830 1771 931 1798 cum
978 1755 1034 1797 ab
1081 1755 1189 1812 ipsis
1232 1754 1471 1796 Societatis
1514 1758 1696 1797 nostrae
1739 1754 1806 1795 in-

108 1828 344 1871 cunabulis
362 1830 406 1871 S.
429 1828 626 1870 Thomae
648 1827 901 1870 doctrinam
925 1827 1252 1869 Scholasticam
1274 1826 1438 1868 nostris
1459 1825 1806 1882 praelegendam

109 1915 201 1942 esse
242 1900 602 1942 Constitutiones
649 1902 688 1943 4.
723 1900 859 1941 Parte
899 1900 1007 1955 Cap.
1043 1903 1109 1942 14.
1144 1898 1407 1951 decernant;
1465 1912 1601 1953 quare
1656 1902 1700 1938 et
1742 1911 1807 1938 re-

111 1971 332 2027 gulariter
385 1971 680 2027 sequendam:
732 1970 779 2012 id
819 1970 938 2012 enim
970 1969 1107 2011 ferme
1140 1968 1303 2010 deferri
1352 1969 1464 2011 solet
1514 1969 1675 2022 autori,
1730 1968 1807 2023 qui

110 2042 305 2085 sumitur
337 2042 642 2099 explicandus.
704 2042 866 2098 Itaque
904 2043 955 2083 P.
987 2041 1220 2083 Generalis
1259 2040 1428 2095 regulis
1469 2043 1573 2082 ante
1615 2044 1809 2096 quatuor

111 2128 252 2156 annos
283 2114 415 2156 editis
449 2119 632 2156 cautum
663 2118 742 2168 est,
784 2129 840 2155 ne
870 2113 959 2155 nisi
996 2112 1174 2167 magnis
1213 2112 1267 2153 de
1299 2112 1445 2153 causis
1480 2111 1523 2153 S.
1548 2111 1744 2153 Thomas
1781 2125 1806 2152 a

111 2185 277 2228 nostris
309 2185 558 2228 deseratur:
592 2200 673 2227 nec
704 2184 872 2227 iniuria
905 2199 1030 2237 sane3
1063 2198 1169 2225 nam
1192 2183 1582 2225 Constitutionum
1614 2185 1653 2226 4.
1674 2183 1807 2223 Parte

114 2257 220 2314 Cap.
245 2259 285 2301 5.
325 2258 450 2313 sequi
486 2257 694 2299 iubemur
735 2256 782 2297 in
827 2255 986 2311 quauis
1025 2254 1244 2297 facultate
1285 2254 1554 2296 securiorem
1585 2257 1629 2294 et
1659 2252 1807 2308 magis

113 2328 409 2385 approbatam
441 2328 694 2371 doctrinam
726 2331 770 2369 et
802 2341 875 2369 eos
908 2330 1098 2379 autoreS,
1133 2326 1211 2381 qui
1243 2340 1342 2367 eam
1365 2325 1551 2367 docent:
1586 2322 1808 2366 eiusmodi

113 2413 218 2442 vero
250 2414 341 2442 esse
375 2400 418 2442 S.
441 2399 640 2442 Thomae
671 2398 965 2453 Theologiam
1002 2398 1051 2438 in
1083 2396 1285 2438 confesso
1317 2402 1397 2450 est,
1430 2401 1528 2438 tum
1562 2396 1682 2452 quia,
1717 2409 1809 2436 om-

112 2470 241 2512 nium
279 2471 475 2513 maxime
505 2470 839 2525 Theologorum
875 2468 924 2510 in
967 2467 1214 2525 Scripturis
1255 2472 1299 2510 et
1338 2467 1550 2510 Patribus
1589 2469 1808 2519 versatuS,

115 2545 159 2582 et
190 2556 344 2584 eorum
365 2541 576 2583 addictus
595 2539 812 2596 vestigijs,
844 2539 1065 2582 maiorum
1085 2539 1301 2595 pietatem
1323 2538 1476 2580 sedulo
1505 2536 1808 2588 conseruauit3

114 2616 213 2654 tum
243 2612 350 2668 quia
382 2612 476 2654 eius
508 2611 716 2654 doctrina
746 2615 900 2653 tantae
931 2625 1104 2667 semper
1137 2611 1187 2652 in
1218 2609 1424 2652 Ecclesia
1456 2608 1691 2652 Catholica
1720 2606 1811 2649 fuit

117 2683 389 2737 autoritatis,
418 2684 424 2738 Ι
451 2687 503 2725 ut
534 2688 577 2725 et
598 2683 761 2726 summi
781 2682 1026 2724 Pontifices
1048 2686 1269 2737 tanquam
1289 2681 1565 2722 tutissimam
1588 2692 1809 2720 commen·
1830 2701 1858 2724 p.
1879 2692 1922 2716 23.

116 2754 336 2809 dauerint,
369 2759 414 2796 et
435 2754 730 2797 Oecumenica
752 2753 955 2796 Concilia
985 2753 1116 2794 iuxta
1147 2767 1246 2794 eam
1277 2751 1591 2794 Ecclesiastica
1623 2750 1807 2804 dogma-

116 2829 164 2867 ta
208 2840 338 2882 saepe
391 2825 741 2871 declaranerint:
794 2829 891 2866 tum
935 2823 1040 2879 quia
1090 2838 1169 2880 per
1216 2822 1557 2865 florentissimas
1611 2833 1809 2876 quasque

119 2896 368 2939 Christiani
400 2896 520 2938 orbis
550 2895 819 2938 Academias
851 2895 1050 2937 maximo
1081 2909 1203 2936 nunc
1235 2898 1302 2935 est
1331 2895 1380 2935 in
1419 2892 1579 2950 pretio,
1624 2895 1689 2944 vt,
1730 2887 1808 2944 qui

118 2983 143 3009 a
175 2969 480 3009 communiore
512 2967 766 3009 scholarum
798 2980 1017 3008 consensu
1048 2965 1239 3022 cupiunt
1268 2980 1361 3006 non
1402 2963 1652 3015 abhorrere,
1693 2959 1809 3001 nihil

116 3038 172 3096 ijs
205 3039 438 3095 antiquius
469 3052 561 3080 esse
586 3042 804 3096 oporteat,
839 3052 989 3094 quam,
1023 3036 1173 3092 quoad
1205 3036 1299 3078 eius
1330 3034 1428 3077 fieri
1448 3036 1609 3092 potest,
1642 3030 1807 3072 sentire

862 3229 1199 3310 eee‘19
