2089 3381
509 142 553 176 R.
579 143 742 178 st.1586.
791 142 858 176 Pro
885 140 1121 185 quadriennio
1147 139 1369 184 theologico.
1727 129 1781 171 77

88 260 322 316 Casistam,
357 265 436 302 aut
467 261 603 303 etiam
636 261 759 316 duos,
793 275 849 302 ex
881 260 1044 316 quibus
1074 260 1167 316 peti
1198 263 1387 316 possunt
1417 260 1608 301 morales
1640 264 1780 301 mate·
1802 284 1829 307 p.
1852 277 1894 301 ετ.

86 331 179 373 riae
217 346 297 388 pro
339 332 642 375 concursibus.
705 333 802 373 Imo
847 331 885 372 si
925 331 1147 373 Casistam
1186 344 1278 371 non
1319 330 1520 382 audiant,
1562 330 1639 371 sed
1673 345 1781 385 qua-

87 401 370 444 driennalem
404 403 727 444 Scholasticam
770 416 869 443 cum
903 400 1157 458 praecipuis
1188 399 1500 442 fundamentis
1531 401 1782 454 moralium,

86 473 245 515 melius
291 488 336 514 se
376 478 534 528 gerent
572 473 621 515 in
662 472 968 526 concursibus,
1010 487 1146 527 quam
1178 471 1463 524 Canonistae,
1497 470 1604 525 quia
1634 470 1783 526 dispu-

87 543 216 598 tatio,
266 559 382 600 quae
427 545 482 586 fit
523 545 572 586 in
613 543 915 597 concursibus,
959 543 1050 584 fere
1096 542 1248 599 potius
1289 546 1356 583 est
1398 541 1452 582 de
1497 541 1783 595 generalibus

86 614 321 671 principijs
351 615 602 669 moralium,
636 629 770 670 quam
804 614 858 655 de
879 614 1068 655 Casibus
1087 612 1451 669 particularibus.
1500 610 1642 665 Adde,
1664 611 1784 666 quod

87 685 198 728 istos
228 701 312 729 nec
343 687 560 728 haberent
590 685 639 727 in
672 684 982 741 quinquennio
1015 698 1203 740 semper,
1237 698 1339 725 cum
1360 682 1446 739 ipsi
1466 681 1656 723 audiant
1678 696 1784 737 qua-

86 755 313 814 driennio,
346 760 391 799 et
421 757 460 798 si
491 757 652 799 volunt
684 756 894 811 quintum
926 770 1098 797 annum
1129 753 1305 808 addere,
1337 756 1527 810 possunt
1557 767 1608 794 ea
1630 752 1784 794 audire

87 828 161 870 Vel
192 828 487 870 transcribere
517 843 572 869 ex
605 827 791 870 Casista.

232 899 302 941 Ad
323 899 580 956 septimam:
614 903 823 940 accurata
852 898 1123 940 tractatione
1155 896 1512 954 praecipuorum,
1531 894 1784 937 faciliorum

89 974 239 1012 autem
271 970 572 1012 alternatione
604 985 684 1026 per
715 969 1014 1026 quadriennia
1045 968 1235 1010 satisfiet
1265 967 1479 1022 vtrisque.

230 1041 304 1082 Ad
334 1046 564 1083 octauam:
598 1041 852 1083 valetudini
885 1041 993 1082 satis
1026 1039 1298 1093 consuletur,
1332 1038 1369 1080 si
1391 1037 1512 1080 docti
1534 1037 1784 1093 elegantur,

87 1111 126 1153 si
156 1112 424 1169 tempestiue
456 1116 736 1167 moneantur,
780 1112 818 1153 si
849 1111 949 1167 alijs
980 1126 1073 1153 non
1105 1114 1357 1166 grauentur
1389 1108 1783 1165 occupationibus;

89 1182 127 1224 si
173 1183 393 1239 quaedam
433 1183 706 1239 relinquant,
748 1187 799 1225 vt
840 1197 967 1224 casus
1006 1181 1313 1239 particulares,
1355 1184 1407 1222 vt
1452 1181 1631 1236 plenam
1670 1184 1786 1221 trac-

87 1254 306 1296 tationem
351 1254 780 1308 Controuersiarum,
830 1257 882 1295 vt
924 1252 1151 1310 principia
1193 1251 1383 1293 moralia
1429 1251 1609 1308 propria
1655 1250 1786 1292 libris

88 1325 375 1368 Ethicorum:
407 1325 568 1367 horum
600 1325 721 1367 enim
753 1324 889 1367 lectio
921 1322 1203 1365 instituenda
1236 1326 1315 1377 est,
1348 1326 1401 1364 ut
1429 1322 1551 1364 infra
1571 1321 1783 1363 dicemus,

149 1891 374 1959 Quibus
421 1892 773 1957 Adiuuandi
817 1893 1118 1958 Remediis
1164 1894 1288 1957 Duo
1333 1893 1724 1969 Professores
1807 1929 1902 1962 W.

248 1989 318 2052 vt
361 1988 744 2068 Theologiam
789 1989 1158 2052 emetiantur
1203 1988 1624 2067 quadriennio.

838 2145 952 2210 Cap.
982 2145 1038 2194 ΙΙ.

233 2253 269 2293 1.
302 2250 671 2305 Recognouimus
704 2265 856 2292 omnes
890 2251 933 2292 S.
963 2250 1163 2292 Thomae
1195 2249 1488 2299 Quaestiones
1528 2254 1572 2291 et
1604 2250 1785 2291 Articu-=

87 2319 168 2375 los,
194 2324 247 2363 ut
264 2321 626 2378 perspiceremus,
650 2326 747 2364 tum
762 2337 876 2377 quae
892 2322 1206 2378 praetermitti,
1228 2328 1341 2377 quae
1360 2321 1575 2377 explicari
1590 2321 1785 2362 debeant

89 2391 326 2445 materiae,
368 2396 466 2434 tum
507 2407 621 2448 quae
660 2392 823 2448 quibus
861 2393 971 2435 locis
1013 2392 1304 2450 exponendae
1336 2391 1438 2446 sint,
1473 2407 1529 2433 ne
1562 2391 1630 2432 bis
1663 2391 1785 2432 intra

88 2461 209 2504 idem
242 2463 592 2518 quadriennium
622 2468 901 2518 tractentur,
943 2468 1041 2506 tum
1073 2479 1187 2520 quae
1219 2467 1439 2517 accurate,
1473 2477 1586 2518 quae
1616 2462 1783 2504 medio—

90 2533 236 2588 criter,
277 2548 391 2590 quae
428 2534 624 2576 breuiter
663 2539 811 2577 essent
850 2535 1175 2577 edisserendae.
1237 2534 1441 2576 Tandem
1478 2533 1648 2575 notatis
1687 2533 1784 2589 qui-

89 2603 279 2646 busdam
311 2605 661 2660 quaestionibus,
696 2621 809 2662 quae
839 2605 1074 2663 praeteriri
1105 2610 1306 2662 possent:
1340 2604 1452 2660 alijs,
1475 2620 1588 2660 quae
1607 2604 1785 2661 plenius

90 2676 398 2732 explanandae
437 2676 540 2731 sint,
582 2677 694 2734 alijs,
736 2692 848 2733 quae
889 2676 938 2718 in
976 2691 1118 2733 pauca
1157 2675 1501 2729 contrahendae,
1535 2675 1685 2717 visum
1716 2678 1784 2716 est

91 2747 318 2789 commode
358 2762 485 2804 posse
526 2747 801 2804 Theologiae
843 2747 1116 2790 curriculum
1150 2746 1362 2789 distribui
1392 2745 1478 2788 hoc
1510 2745 1602 2787 fere
1634 2745 1781 2795 modo,

90 2820 142 2858 vt
187 2832 242 2859 ex
289 2818 463 2860 duobus
502 2819 839 2861 Professoribus
884 2819 1078 2875 explicet
1118 2833 1235 2860 unus
1273 2818 1464 2874 primam
1505 2818 1548 2859 S.
1583 2816 1782 2858 Thomae

91 2888 272 2931 Partem
316 2895 360 2931 et
399 2890 598 2932 Primam
638 2890 869 2932 Secundae
916 2894 960 2931 et
1004 2888 1244 2931 dimidium
1286 2887 1516 2930 Secundae
1551 2886 1783 2928 Secundae

92 2959 407 3015 quadriennio:
441 2960 572 3003 Alter
603 2961 826 3017 reliquum
854 2961 1087 3003 Secundae
1111 2959 1344 3002 Secundae
1376 2962 1421 3000 et
1453 2958 1651 3000 Tertiam
1683 2970 1782 3012 par-

91 3034 194 3073 tem.
262 3031 418 3087 Neque
457 3032 576 3073 enim
606 3032 752 3088 prima
781 3033 894 3074 Pars
925 3031 1068 3087 exigit
1099 3031 1249 3073 minus
1281 3045 1416 3087 quam
1447 3028 1784 3086 sesquiannum,
