2153 3467
204 2767 313 2800 p.122.

301 164 387 205 488

299 294 365 332 est
397 289 549 345 aliqua
580 288 835 331 litterarum
869 287 1144 331 exercitatio.
1199 288 1240 330 d.
1275 288 1431 331 Otium

299 360 414 402 illud
447 359 590 401 multo
623 359 773 416 plures
794 373 971 401 11666336
1004 363 1069 400 est
1089 363 1141 401 vt
1163 362 1432 415 corrumpat,

302 429 481 487 quando
499 430 548 472 in
562 429 757 486 patriam
773 429 996 486 proficisci
1010 432 1240 484 nequeunt
1253 433 1434 485 propter

301 502 388 543 1061
419 501 698 554 distantiam,
731 505 775 542 et
806 501 978 543 nullam
1010 505 1162 541 tamen
1183 500 1355 542 habent
1385 499 1434 540 in

304 572 465 614 scholis
528 572 870 628 occupationem
920 571 994 613 1161
1052 570 1432 615 exercitationem.

302 660 338 686 e.
370 643 615 700 aegerrime
628 643 782 685 ferunt
794 646 1001 700 parentes
1014 641 1131 684 hanc
1145 640 1433 695 otiositatem,

307 720 351 757 et
382 714 514 757 nobis
544 728 637 756 non
668 714 782 756 bene
813 714 1184 770 interpretantur.

445 786 500 827 In
545 785 701 827 eadem
739 785 895 840 regula
933 783 1255 841 praescribitur
1288 784 1324 837 ξ.
1352 784 1434 836 11.,

305 863 358 901 vt
395 857 571 899 scholae
613 855 945 898 Grammaticae
976 870 1107 897 mane
1138 854 1186 895 in
1213 853 1284 895 die
1306 867 1437 894 uaca-

304 929 442 972 tionis
482 929 643 970 durent
689 942 780 969 vna
817 926 967 968 media
1003 925 1113 968 hora
1154 924 1324 978 minus,
1366 924 1438 965 uel

305 1005 358 1042 vt
392 999 564 1042 duabus
595 1002 775 1040 tantum
806 997 928 1039 horis
965 996 1232 1050 habeantur,
1257 995 1437 1037 uidetur

306 1070 438 1113 nobis
455 1069 738 1123 seruandum,
758 1068 873 1110 sicut
893 1067 1112 1110 seruanda
1128 1071 1234 1109 sunt
1251 1070 1438 1109 caetera.

557 1177 699 1227 Circa
736 1177 929 1239 regulas
968 1176 1205 1225 Rectoris.

452 1262 492 1302 9.
556 1259 611 1300 In
643 1273 732 1314 qua
763 1257 1053 1315 praecipitur,
1086 1261 1138 1299 vt
1168 1257 1216 1298 in
1238 1255 1439 1311 Collegio

310 1347 364 1373 ex
398 1345 486 1387 quo
518 1330 626 1372 noui
658 1329 871 1385 Magistri
908 1328 1131 1370 scholares
1172 1327 1439 1380 educuntur,

311 1417 436 1444 suam
468 1401 668 1443 habeant
707 1400 1076 1442 exercitationem
1117 1398 1246 1440 statis
1285 1397 1441 1439 diebus

312 1478 357 1515 et
387 1473 529 1526 horis3
568 1471 703 1515 valde
742 1471 869 1514 vtilis
914 1475 1046 1525 esset,
1089 1471 1127 1512 si
1158 1470 1291 1512 modo
1324 1473 1441 1511 recte

313 1545 636 1586 obseruaretur.
700 1543 898 1584 Multum
929 1542 1127 1595 interest,
1159 1545 1212 1583 vt
1245 1541 1442 1583 habeant

311 1616 389 1658 isti
421 1620 592 1657 certum
624 1613 891 1667 Praesidem,
926 1613 1003 1668 qui
1035 1613 1093 1654 sit
1112 1613 1161 1654 in
1181 1612 1250 1654 his
1283 1611 1443 1654 studiis

313 1687 452 1744 probe
484 1686 764 1739 exercitatus,
799 1699 931 1741 quem
962 1683 1107 1726 nostri
1138 1687 1323 1740 propter
1343 1698 1444 1724 auc-

314 1759 544 1800 toritatem
576 1762 881 1810 reuereantur,
914 1760 958 1797 et
988 1758 1172 1812 propter
1194 1753 1445 1795 doctrinam

316 1829 577 1886 suspiciant,
611 1843 745 1883 seque
777 1827 817 1868 ei
848 1827 1042 1868 libenter
1073 1825 1257 1867 tradant
1276 1825 1445 1866 instru-

316 1900 466 1942 endos.
499 1899 582 1941 tali
612 1899 830 1941 hactenus
862 1897 1100 1951 caruimus,
1140 1896 1307 1938 idcirco
1338 1896 1447 1938 haec

318 1971 600 2025 exercitatio,
641 1970 720 2012 vbi
760 1969 966 2012 adhibita
999 1973 1086 2022 est,
1124 1967 1313 2009 fortasse
1346 1982 1448 2009 cum

319 2043 483 2084 minori
514 2041 668 2084 fructu
701 2041 825 2083 abiit.

464 2116 531 2158 13.
594 2113 648 2154 111
695 2112 778 2154 hac
826 2115 1029 2163 cauetur,
1081 2125 1136 2152 ne
1188 2109 1349 2151 mulier
1400 2109 1449 2150 in

322 2199 498 2226 scenam
531 2184 858 2225 introducatur.
911 2183 1067 2224 Plures
1114 2182 1275 2223 merito
1321 2195 1449 2236 repu-

321 2260 478 2312 gnant,
512 2256 618 2311 quia
648 2254 924 2311 impossibile
957 2258 1037 2307 est,
1069 2253 1163 2294 siue
1186 2252 1239 2293 de
1259 2251 1450 2308 propha-

322 2327 412 2381 nis,
461 2326 553 2368 siue
602 2326 655 2367 de
695 2326 831 2367 sacris
872 2324 1114 2367 comoediis
1159 2327 1333 2378 agatur.
1395 2323 1450 2364 In

322 2397 461 2454 priori
501 2397 637 2438 etiam
676 2396 871 2438 editione
911 2396 1107 2437 limitata
1146 2398 1212 2436 est
1243 2395 1353 2436 haec
1383 2409 1450 2435 re-

324 2469 452 2524 gula,
492 2473 544 2510 vt
588 2482 679 2509 non
717 2467 805 2509 nisi
842 2467 1031 2508 honesta
1077 2465 1451 2518 introduceretur,

325 2538 445 2594 quod
476 2538 657 2580 uidetur
687 2537 968 2579 seruandum.

410 2741 551 2790 Circa
589 2741 781 2802 regulas
821 2739 1059 2788 Praefecti
1098 2739 1382 2787 inferiorum

742 2823 1025 2872 studiorum.

472 2919 510 2958 3.
563 2914 630 2956 De
652 2914 947 2956 Emblematis
968 2919 1011 2956 et
1033 2913 1319 2966 carminibus,
1344 2927 1457 2967 quae

330 2986 510 3043 publice
544 2985 767 3041 affigenda
797 2990 915 3039 sunt,
947 3000 1026 3041 per
1057 2984 1167 3026 duos
1200 2983 1458 3038 designatos

331 3057 533 3113 legendis
581 3063 626 3099 et
672 3056 932 3111 seligendis,
979 3070 1065 3097 non
1108 3053 1287 3096 uidetur
1332 3068 1477 3110 posse¹

478 172 590 207 Ratio
617 171 822 206 studiorum
847 175 886 206 et
910 171 1163 206 institutiones
1189 170 1433 206 scholasticae
1459 171 1655 207 Societatis
1680 174 1769 209 Jesu
1794 174 1831 208 II

1566 1258 1639 1301 Ad
1677 1261 1716 1302 9.
1765 1258 1818 1300 de
1879 1258 2039 1300 idoneo

1479 1329 1680 1387 praeside
1770 1329 2041 1371 Academiae

1479 1403 1836 1458 Praeceptorum.
1885 1427 1936 1432 —
1984 1401 2040 1443 R.

1480 1473 1717 1516 Curabunt
1769 1472 2041 1529 Superiores,

1479 1550 1531 1588 vt
1590 1559 1724 1601 quam
1787 1543 2043 1601 aptissimus

1480 1617 1753 1673 designetur.
1816 1614 1966 1671 (Ibid.)

1576 2115 1648 2157 Ad
1682 2118 1748 2159 13.
1795 2129 1852 2156 ne
1890 2112 2050 2155 mulier

1486 2188 1535 2229 in
1572 2201 1751 2228 scenam
1790 2185 2047 2226 inducatur.

1489 2285 1542 2292 -
1561 2259 1616 2300 R.
1649 2259 1745 2299 Iam
1764 2257 1874 2298 alias
1894 2255 1943 2297 in
1962 2254 2049 2296 ista

1487 2328 1729 2372 Prouincia
1775 2324 2050 2382 dispensaui-

1490 2416 1607 2454 mUS,
1669 2404 1720 2442 vt
1768 2397 2049 2440 introducere

1490 2473 1640 2526 liceat,
1660 2469 1902 2513 dummodo
1924 2468 1972 2510 id
1984 2482 2052 2509 ra-

1490 2544 1584 2585 rius
1635 2547 1679 2584 et
1728 2540 1906 2598 parcius
1958 2538 2051 2590 fiat,

1490 2627 1738 2670 grauesque
1764 2616 1808 2653 et
1827 2609 2052 2652 modestae

1491 2686 1582 2727 sint
1643 2696 1878 2740 personae,
1941 2693 2053 2735 quae

1489 2755 1804 2814 producentur.
1845 2751 1995 2807 (Ibid.)

1581 2908 1653 2950 Ad
1687 2911 1725 2953 3.
1771 2904 1964 2948 Difficile
1982 2903 2053 2944 fu-

1493 2987 1661 3028 turum,
1694 2983 1746 3019 vt
1767 2978 1855 3019 duo
1886 2975 1933 3017 in
1967 2974 2055 3016 sin-

1493 3052 1612 3108 gulis
1645 3048 1857 3104 Collegiis
1893 3045 2057 3102 reperi-
