2143 3462
355 190 440 233 302

549 197 660 234 Ratio
689 196 894 235 studiorum
925 205 962 236 et
989 198 1245 236 institutiones
1273 197 1517 239 scholasticae
1542 197 1740 234 Societatis
1766 196 1855 234 Jesn
1880 194 1919 233 II

356 334 488 360 sensu
513 318 791 375 receptisque
812 319 1136 363 traditionibus
1157 337 1249 364 non
1276 323 1386 364 bene
1408 322 1666 375 conveniat,
1699 319 1908 376 quodque
1942 318 2096 372 aliquo

356 390 490 431 niodo
525 389 693 431 solidae
725 390 907 446 pietatis
939 391 1201 434 firmitatem
1234 393 1424 434 minuat.
1470 392 1570 442 Quo
1597 391 1809 448 pertinet,
1841 394 1894 431 ut
1924 403 2006 430 nec
2031 403 2099 428 re-

356 466 505 517 ceptas
532 459 644 515 jam,
680 461 888 516 quamvis
921 469 1221 517 congruentes
1253 469 1432 506 tantum
1465 465 1675 517 rationes,
1707 462 1870 518 quibus
1891 459 1998 501 fidei
2028 473 2097 500 res

355 532 539 588 probari
572 532 730 586 solent,
763 532 986 587 refellant,
1020 548 1100 575 nec
1134 539 1299 577 temere
1331 550 1474 579 novas
1495 535 1768 589 excogitent,
1805 531 1894 574 nisi
1915 546 1970 572 ex
1993 545 2097 572 con-

355 604 584 645 stantibus
613 603 855 659 solidisque
886 604 1133 661 principiis.
1198 607 1382 662 (Gongr.
1415 607 1470 649 V.
1505 606 1621 647 decr.
1655 608 1725 649 41.
1758 619 1802 646 n.
1837 607 1895 658 2.)

72 734 245 764 Opinione-s,
266 741 338 763 quae

71 770 236 793 catholicos
248 769 336 793 offen-

90 807 174 834 dunt,
197 813 251 829 non
273 813 316 828 :is—

144 842 291 865 serendae.

499 733 544 779 (ἰ.
607 733 731 782 Quae
765 733 1010 789 opinioneS,
1046 734 1351 791 cujuscunque
1377 735 1572 777 auctoris
1604 735 1711 789 sint,
1744 734 1792 775 in
1824 733 1977 788 aliqua
1997 746 2098 789 pro—

354 804 506 846 vincia
546 809 626 846 aut
659 804 905 846 Academia
937 804 1195 847 Catholicos
1233 807 1437 862 graviter
1477 807 1700 848 offendere
1739 805 1981 858 scirentur,
2024 818 2097 844 eas

355 875 419 916 ibi
459 890 551 916 non
589 876 748 917 doceat
787 880 866 916 aut
905 875 1135 918 defendat.
1198 878 1291 920 Ubi
1330 877 1449 919 enim
1491 893 1573 918 nec
1610 877 1717 919 fidei
1754 875 1975 922 doctrina,
2014 889 2098 915 nec

355 961 532 987 morum
564 946 805 1001 integritas
843 946 891 987 in
933 946 1172 989 discrimen
1214 949 1477 1003 adducitur,
1517 948 1715 1005 prudens
1746 946 1909 989 caritas
1940 945 2096 1000 exigit,

355 1022 406 1058 ut
429 1018 574 1058 nostri
592 1033 636 1058 se
654 1017 745 1058 illis
763 1017 1118 1074 accommodent,
1152 1034 1253 1061 cum
1275 1020 1439 1075 quibus
1457 1019 1733 1062 versantur}
1782 1018 1955 1074 (Const.
1986 1032 2028 1074 p.
2054 1019 2095 1060 4.

117 1162 263 1192 Quudrien
279 1162 296 1184 1‘1

115 1206 147 1220 l'll
171 1205 218 1220 *¹11³*
242 1206 254 1220 Ὶ
271 1205 308 1219 Νι)

162 1234 282 1257 xeudns,

107 1592 129 1623 Q
137 1592 285 1616 uanam-‚nn
292 1599 316 1614 111

152 1628 180 1651 (li
189 1636 200 1651 1·
209 1628 271 1651 isio.

355 1103 390 1129 c.
425 1092 464 1132 9.
498 1104 542 1129 11.
575 1091 621 1143 3;
657 1104 693 1130 c.
730 1091 797 1132 15.
830 1104 873 1130 n.
907 1092 966 1144 3.)

491 1159 527 1205 7.
562 1159 868 1209 Quadriennio
882 1165 1006 1202 totus
1015 1161 1206 1203 Theolo-

358 1233 460 1286 giae
487 1246 642 1273 cursus
665 1232 982 1274 absolvendus.
1027 1232 1077 1274 Si
1099 1248 1206 1287 ergo

356 1302 444 1343 duo
477 1303 646 1344 fuerint
687 1304 982 1345 scholasticae
1016 1304 1206 1346 Theolo—

354 1374 456 1427 giae
488 1375 786 1416 Professores:

446 1594 482 1641 ξ.
510 1594 546 1633 1.
581 1591 794 1632 Primus
815 1589 897 1633 432
919 1590 1205 1645 quaestiones

354 1677 407 1702 ex
455 1662 602 1717 prima
645 1666 773 1718 parte
821 1661 1015 1717 explicet
1062 1662 1205 1717 primo

354 1747 491 1786 anno;
527 1733 721 1774 secundo
753 1748 871 1774 anno
894 1732 1130 1774 materiam
1153 1733 1206 1774 de

354 1805 566 1859 Angelis,
607 1808 743 1860 atque
781 1819 919 1845 unam
959 1808 1003 1845 et
1035 1804 1206 1858 Viginti

355 1876 637 1930 quaestiones
678 1890 733 1916 ex
776 1875 922 1932 prima
964 1875 1203 1929 seou11dae3

353 1947 487 1988 tertio
521 1962 639 1988 anno
673 1962 699 1988 a
732 1962 804 2002 qu.
839 1948 909 1990 55.
941 1946 1013 1988 Vel
1048 1950 1115 1990 71.
1150 1947 1205 1988 ad

354 2019 488 2059 finem
537 2018 709 2075 primae
757 2018 996 2071 secundae,
1045 2022 1205 2073 quarto

355 2105 472 2131 anno
518 2105 571 2130 ex
616 2089 810 2131 secunda
855 2089 1074 2131 secundae
1114 2104 1206 2130 ma-

354 2161 514 2202 teriam
548 2161 601 2202 de
638 2161 737 2215 fide,
771 2176 848 2217 spe
881 2165 926 2201 et
959 2161 1163 2202 caritate.

445 2522 482 2571 Q
517 2522 556 2562 2.
620 2518 783 2559 Alter
805 2518 1036 2559 Professor
1058 2517 1203 2574 primo

356 2603 474 2629 anno
507 2589 718 2645 explanet
750 2603 803 2628 ex
832 2588 1028 2629 secunda
1051 2602 1205 2628 secun-

359 2661 440 2701 dae
488 2660 774 2714 quaestiones
824 2659 877 2700 de
925 2658 1119 2701 Justitia
1161 2663 1205 2699 et

355 2732 486 2784 Jure,
526 2736 570 2771 et
608 2731 850 2787 praecipua
891 2730 1111 2785 quaedam
1151 2730 1204 2771 de

354 2802 595 2857 religione,
624 2801 818 2843 secundo
839 2816 892 2842 ex
915 2802 1051 2842 tertia
1078 2805 1204 2857 parte

356 2873 642 2929 quaestiones
685 2873 738 2913 de
780 2873 1097 2914 Incarnatione
1145 2877 1201 2927 et,

355 2945 389 2985 si
409 2947 570 3000 potest,
588 2943 800 2998 graviora
810 2943 971 2984 saltem
984 2943 1202 2998 quaedam

1335 1161 1372 1207 ’7.
1440 1160 1748 1210 Quadriennio
1771 1164 1894 1201 totus
1925 1158 2096 1200 theolo-

1245 1233 1346 1288 giae
1396 1247 1551 1275 cursus
1596 1231 1909 1274 absolvendus.
1974 1229 2096 1271 Ordo

1243 1319 1349 1346 Vero
1364 1308 1656 1358 tractatuum,
1670 1302 1806 1358 juxta
1823 1316 1955 1357 quem
1972 1300 2096 1342 theo-

1241 1375 1367 1431 logia
1397 1376 1611 1418 universa
1643 1372 1941 1430 quadriennio
1973 1371 2093 1413 tradi

1243 1446 1386 1503 possit
1419 1462 1444 1488 a
1476 1446 1651 1488 duobus
1683 1443 2024 1502 professoribus,
2057 1441 2096 1482 is

1243 1517 1384 1559 ferme
1415 1518 1522 1559 erit:

1333 1596 1369 1642 §.
1408 1594 1443 1632 1.
1508 1588 1718 1630 Primus
1762 1587 1835 1645 [sc.
1868 1585 2007 1641 Prof.]
2040 1586 2094 1627 de

1243 1660 1482 1715 Religione
1522 1664 1567 1701 et
1604 1658 1826 1713 Ecclesia,
1866 1657 1947 1700 ubi
1985 1658 2094 1698 item

1223 1743 1225 1756 ¹
1244 1732 1298 1773 de
1321 1731 1525 1774 Concilio
1549 1746 1601 1773 ac
1624 1731 1678 1772 de
1695 1731 1826 1772 Rom.
1848 1728 2092 1782 Pontifice3

1243 1808 1288 1844 et
1309 1802 1635 1844 interserantur
1655 1801 1898 1858 praecipua
1916 1800 1969 1842 de
1986 1799 2095 1841 locis

1245 1873 1469 1928 theologis
1494 1875 1607 1928 [-icis
1618 1874 1650 1928 Ρ]
1674 1872 1820 1928 primo
1853 1885 1993 1924 anno,
2033 1885 2096 1911 se-

1244 1946 1392 1987 cundo
1409 1959 1529 1986 anno
1555 1945 1608 1986 de
1629 1945 1726 1985 Deo
1749 1943 1853 1986 Uno
1877 1947 1921 1984 et
1941 1942 2094 1996 Trino,

1243 2016 1323 2058 ubi
1358 2016 1467 2057 item
1510 2016 1563 2057 de
1602 2015 1790 2057 scientia
1821 2014 1907 2056 Dei
1946 2029 1997 2055 ac
2041 2013 2095 2054 de

1242 2087 1676 2145 praedestinatione,
1719 2086 1856 2128 tertio
1890 2099 2009 2127 anno
2041 2085 2095 2126 de

1222 2160 1337 2215 ¹Deo
1388 2163 1608 2213 creatore,
1656 2158 1852 2213 angelis,
1897 2156 2094 2199 hominis

1222 2224 1224 2274 J
1242 2230 1467 2272 creatione
1489 2236 1534 2271 et
1554 2230 1696 2286 lapsu,
1730 2234 1776 2271 et
1804 2229 1858 2270 de
1877 2229 2092 2270 Incarna-

1242 2301 1367 2343 tione
1392 2301 1580 2353 Christi,
1616 2306 1778 2357 quarto
1800 2314 1918 2342 anno
1940 2299 1994 2341 de
2016 2314 2093 2341 eu-

1244 2372 1479 2426 charistia,
1526 2371 1812 2428 poenitentia
1855 2376 1901 2412 et
1946 2370 2095 2412 indul-

1242 2443 1411 2499 gentiis
1451 2458 1503 2485 ac
1542 2443 1595 2484 de
1635 2447 1834 2485 extrema
1865 2442 2092 2484 unctione.

1333 2518 1369 2567 ξ.
1406 2518 1444 2557 2.
1509 2515 1671 2556 Alter
1691 2514 1925 2556 Professor
1946 2513 2091 2570 primo

1244 2601 1362 2628 anno
1417 2586 1470 2627 de
1522 2585 1699 2627 actibus
1759 2584 1967 2626 humanis
2019 2598 2092 2625 eo-

1243 2672 1431 2712 rumque
1487 2657 1677 2711 reguliS,
1732 2657 1785 2698 de
1841 2655 2092 2699 virtutibus

1243 2733 1287 2769 et
1317 2729 1443 2770 vitiis
1465 2728 1513 2769 in
1535 2743 1716 2783 genere,
1749 2727 1948 2770 secundo
1971 2740 2091 2768 anno

1242 2800 1296 2841 de
1357 2799 1605 2841 virtutibus
1676 2798 1973 2854 theologicis,
2036 2797 2090 2838 de

1241 2871 1547 2913 cardinalibus
1570 2871 1617 2911 in
1639 2870 1798 2926 specie,
1831 2868 2091 2926 praesertim

1242 2942 1295 2984 de
1320 2942 1420 2998 jure
1453 2947 1498 2983 et
1524 2941 1722 2997 justitia,
1755 2956 1806 2982 ac
1836 2941 1891 2982 de
1921 2940 2091 2983 virtute

504 3027 513 3046 ¹
540 3027 624 3061 Man
649 3026 826 3061 iibcrsehe
845 3025 923 3059 hier
944 3025 1046 3059 nicht
1071 3025 1129 3059 die
1149 3026 1319 3060 kiirzcste
1333 3025 1504 3069 Fassuug
1525 3025 1588 3059 (161·
1603 3023 1849 3069 jesuitischen
1877 3024 2088 3065 „Akkom-

357 3085 857 3127 m0‹1ati0ustl1e0rie“‚
894 3084 1151 3129 derentwegen
1187 3086 1251 3119 der
1286 3084 1407 3119 blinde
1433 3084 1537 3118 Eifer
1563 3083 1674 3117 soviel
1703 3083 1816 3118 Staub
1843 3083 2090 3118 aufwirbelte.

501 3147 514 3165 ²
538 3157 583 3180 m.
612 3146 714 3188 „42⁴3
740 3144 901 3187 reliquae
927 3143 1108 3179 editiones
1136 3146 1224 3189 „43⁴-
