2153 3467
169 1542 293 1568 Gradus.

335 189 423 232 434

559 199 668 234 Ratio
695 198 898 234 studiorum
924 203 963 235 et
987 198 1238 236 institutiones
1264 200 1505 237 scholasticae
1530 201 1725 237 Societatis
1750 201 1836 238 Jesu
1863 202 1901 237 11

332 318 478 376 prima
523 317 635 360 hora
682 325 789 367 (1832
816 336 882 360 om.
911 337 984 370 „pn
1010 327 1083 371 h.“)
1125 334 1171 361 se
1203 319 1500 373 exercuerint,
1534 320 1856 376 proponendis,
1889 325 1987 363 tum
2017 322 2067 363 in

331 389 571 446 phrasibus
603 405 629 431 a
659 391 954 448 Praeceptore
992 390 1161 432 habitis
1200 389 1458 431 memoriter
1499 390 1720 444 dicendis,
1762 395 1860 433 tum
1891 391 1940 432 in
1970 407 2068 435 ver-

329 461 504 502 naculis
526 461 834 503 locutionibus
854 466 1012 504 mutuo
1034 477 1087 503 ex
1109 460 1382 518 praescripto
1399 465 1641 517 syntaxeos
1664 466 1742 503 aut
1760 462 1817 503 ad
1839 462 2068 505 Ciceronis

331 534 593 587 (auctorum)
625 531 929 574 imitationem
961 532 1196 587 exigendis
1218 535 1298 573 aut
1321 532 1574 585 variandis,
1609 532 1984 589 (faciendumque,
2016 538 2068 575 ut

330 602 607 644 locutionem
639 605 919 660 propositam
942 603 1097 645 statim
1119 603 1196 658 qui
1218 602 1525 657 interrogatur
1546 603 1706 645 iisdem
1723 604 1884 645 reddat
1902 604 2066 659 verbis,

331 688 519 728 eamque
551 674 780 730 paulisper
812 674 1059 716 meditatus
1091 688 1183 715 non
1203 673 1440 727 verbatim,
1475 674 1552 716 sed
1583 678 1727 716 totam
1760 675 1895 716 simul
1926 675 2068 717 latine

330 744 504 798 efferat)
536 749 634 786 tum
666 745 714 786 in
737 745 1027 801 epistolarum
1049 745 1299 801 praeceptis
1320 744 1572 800 reddendis,
1603 749 1700 787 tum
1723 746 1772 787 in
1793 746 2069 801 exquirenda

330 816 587 871 quantitate
620 816 915 872 syllabarum,
950 816 1089 857 allata
1112 816 1373 857 memoriter
1392 816 1552 872 regula
1574 817 1646 858 vel
1667 821 1827 873 poetae
1850 817 2067 873 exemplo,

328 891 426 928 tum
463 887 509 928 in
548 887 824 943 proprietate
863 891 942 929 aut
987 887 1267 943 etymologia
1304 887 1457 942 aliqua
1496 887 1831 942 investiganda,
1882 892 1980 929 tum
2020 888 2068 929 in

330 957 483 1013 aliquo
516 958 667 1011 graeci
697 958 891 1000 latinive
923 959 1117 1000 auctoris
1156 959 1254 1000 loco
1293 958 1649 1014 interpretando,
1682 963 1781 1000 tum
1812 958 1861 999 in
1892 957 2070 1013 graecis

329 1028 589 1070 nominibus
622 1033 700 1070 aut
739 1030 889 1071 verbis
927 1029 1211 1071 infiectendis
1252 1029 1592 1085 formandisque
1632 1034 1677 1071 et
1715 1029 1816 1071 aliis
1849 1029 1896 1071 id
1928 1043 2070 1084 genus

330 1100 387 1141 ad
418 1100 729 1156 Praeceptoris
762 1100 1017 1143 arbitrium.

924 1313 1138 1376 Regulae
1178 1313 1478 1362 Professoris

693 1393 926 1457 Mediae
973 1394 1197 1457 Classis
1244 1394 1701 1458 Grammaticae.

474 1524 513 1570 1.
566 1525 746 1567 Gradus
762 1524 896 1581 hujus
919 1525 1097 1567 scholae
1114 1524 1202 1582 est}
1364 1524 1401 1570 1.
1466 1525 1644 1567 Gradus
1701 1525 1833 1581 hujus
1896 1526 2071 1568 scholae

330 1597 473 1639 totius
485 1597 666 1652 quidem
677 1597 1014 1653 grammaticae,
1032 1596 1182 1638 minus

331 1673 483 1710 tamen
531 1669 666 1725 plena
713 1668 935 1724 cognitio3
984 1668 1183 1724 explicat

333 1740 455 1782 enim
478 1740 535 1781 ab
560 1740 693 1782 initio
718 1740 823 1781 libri
838 1740 1025 1781 secundi
1042 1754 1183 1794 usque

332 1812 388 1854 ad
421 1811 666 1867 figuratam
689 1811 1096 1864 Constructionem,
1118 1810 1183 1852 fa-

332 1883 513 1924 cillimis
561 1883 705 1924 solum
748 1882 976 1937 adjunctis
1019 1897 1183 1939 appen-

335 1954 524 2008 dicibus,
558 1969 635 1995 seu
661 1953 795 2009 juxta
816 1954 1070 1995 Romanam
1094 1968 1184 1994 me-

331 2025 522 2067 thodum
578 2040 604 2066 a
665 2026 893 2066 communi
943 2025 1183 2067 verborum

333 2096 664 2138 constructione
686 2111 829 2152 usque
850 2096 907 2138 ad
926 2096 1182 2152 figuratam,

332 2167 500 2210 additis
532 2167 812 2210 facilioribus
844 2167 1182 2225 appendicibus.

475 2240 545 2281 Ex
568 2239 755 2281 Graecis
773 2239 829 2281 ad
846 2239 965 2281 hanc
982 2239 1182 2280 scholam

332 2312 563 2367 pertinent
585 2311 771 2352 nomina
785 2314 1029 2364 contracta,
1046 2310 1183 2352 Verba

333 2381 636 2436 circumflexa,
676 2382 814 2425 verba
855 2382 904 2423 in
942 2401 987 2439 μι
1029 2386 1074 2423 01
1118 2381 1183 2423 fa-

334 2452 509 2494 ciliores
540 2453 849 2495 formationes.

474 2535 547 2577 Ad
584 2535 909 2592 praelectiones
947 2549 1052 2577 vero
1092 2549 1184 2576 non

333 2606 421 2647 nisi
453 2606 698 2648 familiares
720 2606 949 2648 Ciceronis
969 2606 1184 2662 epistolae

334 2681 380 2717 et
410 2676 629 2718 facillima
669 2692 869 2732 quaeque
903 2676 1059 2719 Ovidii
1092 2691 1185 2718 car-

334 2747 470 2801 mina,
489 2752 533 2788 et
548 2747 742 2789 secundo
761 2748 973 2802 semestri,
998 2748 1035 2789 si
1057 2749 1186 2789 Prae-

335 2818 479 2859 fectus
526 2824 716 2872 censeat,
760 2834 949 2874 graecus
983 2819 1185 2861 Catechi-

334 2905 454 2931 smus
487 2894 566 2930 aut
592 2890 770 2930 Cebetis
802 2890 972 2932 tabula.

1220 1600 1288 1637 est
1328 1597 1469 1637 totius
1519 1596 1701 1652 quidem
1733 1597 2070 1652 grammaticae,

1220 1669 1369 1708 minus
1400 1673 1555 1709 tamen
1583 1668 1718 1724 plena
1740 1668 1964 1723 cognitio:
1998 1683 2071 1709 ex-

1221 1740 1360 1795 plicat
1392 1740 1512 1780 enim
1551 1739 1789 1796 praecipue
1831 1754 1996 1795 genera
2028 1744 2071 1780 et

1221 1810 1485 1852 inflexiones
1506 1811 1743 1852 nominum
1768 1816 1813 1852 et
1829 1811 2075 1867 praeterita

1223 1898 1274 1924 00
1320 1883 1482 1939 supina
1528 1882 1784 1937 verborum,
1831 1882 1918 1923 nisi
1966 1882 2075 1923 haec

1216 1954 1312 2010 jam
1352 1954 1401 1995 in
1440 1953 1598 1994 infima
1629 1953 1854 2009 explicata
1883 1953 2074 1994 recolere

1222 2024 1429 2066 sufficiat.
1494 2024 1626 2074 Quod
1657 2024 1930 2080 superfuerit
1960 2028 2073 2065 tem-

1222 2098 1343 2153 poris
1375 2095 1561 2152 syntaxi
1592 2095 1829 2151 impendit.

1363 2180 1435 2221 Ex
1460 2179 1645 2221 Graecis
1667 2179 1724 2220 ad
1738 2178 1855 2220 hanc
1874 2177 2074 2219 scholam

1221 2251 1451 2307 pertinent
1466 2251 1653 2291 nomina
1669 2253 1917 2302 contracta,
1934 2248 2074 2291 verba

1222 2321 1520 2375 circumflexa,
1539 2321 1678 2363 verba
1699 2321 1747 2362 in
1773 2338 1832 2375 μι,
1853 2319 2075 2361 faciliores

1222 2393 1514 2434 formationes
1546 2397 1591 2433 et
1625 2391 1773 2435 brevis
1794 2390 2072 2433 introductio

1223 2465 1280 2506 ad
1313 2463 1570 2520 Syntaxim.
2035 2517 2045 2525 .

1363 2535 1438 2577 Ad
1454 2534 1779 2591 praelectiones
1801 2548 1908 2576 vero
1931 2548 1953 2574 e
1972 2533 2074 2575 lati-

1222 2607 1291 2648 nis
1336 2605 1562 2647 Ciceronis
1610 2606 1798 2647 selectae
1844 2604 2072 2661 epistolae,

1221 2677 1515 2731 narrationes,
1549 2676 1874 2733 descriptiones
1907 2679 1951 2716 et
1983 2674 2072 2717 alia

1222 2748 1480 2804 hujusmodi
1502 2763 1555 2790 ex
1577 2747 1733 2789 eodem
1756 2751 1950 2801 auctore,
1973 2751 2069 2788 tum

1223 2819 1545 2859 commentaria
1568 2817 1768 2860 Caesaris
1791 2821 1836 2858 et
1852 2816 2071 2858 facillima

1223 2903 1423 2944 quaeque
1445 2888 1601 2931 Ovidii
1620 2888 1833 2942 carmina,
1856 2902 1879 2928 e
1895 2886 2070 2942 graecis

1222 2974 1329 3001 vero
1363 2959 1528 3017 Aesopi
1565 2959 1760 3013 fabulae,
1795 2957 1972 3000 Cebetis
2003 2962 2069 2999 ta-

1221 3031 1328 3072 bula
1340 3035 1384 3073 et
1393 3030 1546 3073 selecti
1558 3029 1885 3087 expurgatique
1897 3028 2068 3084 dialogi

1199 3098 1202 3148 Ι
1220 3101 1426 3145 Luciani.
