2089 3381
199 165 241 200 R.
270 169 316 200 st.
343 165 446 201 1586.
498 163 742 207 Quaestiones
769 166 834 198 aut
859 161 1082 197 omittendae
1108 164 1175 196 aut
1200 172 1271 196 uno
1300 162 1377 196 loco
1405 160 1632 196 tractandae.
1717 151 1771 193 91

220 283 296 326 An
333 283 575 325 delectatio
617 285 858 339 quaeratur
902 285 1088 338 propter
1129 279 1449 337 operationem,
1500 295 1557 321 an
1605 284 1774 334 contra,
1799 298 1832 320 A.
1854 297 1880 321 2.

80 358 299 397 tractetur
330 356 378 395 in
410 354 607 396 Ethicis:
641 353 713 395 hic
745 368 849 395 vero
881 351 1010 406 nihil,
1044 351 1116 394 vel
1148 350 1423 392 breuissime.

222 438 298 480 An
331 437 508 479 animae
539 440 795 479 sanctorum
827 451 852 477 a
884 434 1142 491 corporibus
1176 438 1408 490 separatae
1441 435 1597 475 statim
1630 435 1776 475 Deum
1800 454 1833 475 A.
1856 452 1880 474 5.

80 507 282 562 videant,
315 507 389 550 1110
422 512 651 562 tractetur,
683 521 775 548 non
806 507 855 548 in
890 510 927 550 1.
960 508 1109 548 Parte.

223 590 348 639 Quae
387 594 493 632 sunt
523 591 704 646 propria
735 589 901 632 visioni
932 589 1179 643 beatificae,
1211 588 1531 643 relinquantur
1567 591 1603 631 1.
1637 588 1775 640 Parti,
1799 604 1871 635 (μ).
1895 603 1968 627 A.2.

81 665 126 703 et
150 662 295 703 solum
316 661 571 718 disputetur
598 665 755 702 contra
778 660 1027 701 haereticos
1053 660 1108 701 de
1130 659 1455 715 inaequalitate
1476 658 1779 714 praemiorum

81 732 130 774 in
160 747 334 788 genere.
399 733 516 774 Item
557 747 616 774 an
656 732 767 773 haec
804 731 1106 786 inaequalitas
1144 731 1297 783 tollat,
1339 728 1580 786 quominus
1614 728 1781 770 habeat

84 803 298 845 satiatum
330 804 595 860 appetitum,
630 803 708 858 qui
739 802 888 843 minus
922 802 1081 843 beatus
1113 806 1190 843 est.

224 874 526 930 Relinquatur
557 873 648 916 fere
682 877 719 917 1.
753 872 879 914 Parti
910 877 1048 915 totus.
1803 889 1838 912 A.
1860 888 1886 912 3.

224 946 351 988 Nihil
383 945 560 988 dicatur
592 946 646 987 de
679 945 851 999 merito,
885 950 964 987 aut
996 945 1050 986 de
1081 944 1345 986 necessitate
1376 942 1562 985 luminis
1596 941 1782 996 gloriae.
1804 962 1837 983 A.
1861 959 1887 983 5.

225 1017 301 1058 An
341 1032 447 1059 vero
487 1017 691 1074 appetitu
735 1017 944 1059 ordinato
989 1017 1134 1072 magis
1180 1019 1364 1072 appetat
1407 1014 1649 1056 damnatus
1689 1027 1782 1054 non
1805 1033 1838 1055 A.
1861 1032 1887 1053 a.

83 1102 188 1142 esse,
222 1103 357 1143 quam
388 1088 450 1130 sic
483 1103 588 1143 esse,
621 1088 818 1145 pertinet
850 1088 906 1130 ad
940 1088 1247 1143 quaestionem
1277 1087 1330 1127 de
1359 1100 1503 1142 poena
1534 1083 1721 1140 peccati.

225 1172 329 1214 Non
361 1172 603 1213 disseratur
634 1172 718 1214 1100
749 1172 848 1214 1000
868 1173 935 1213 De
955 1171 1097 1213 libero
1119 1170 1310 1212 arbitrio
1341 1173 1498 1211 contra
1521 1167 1782 1219 haereticos,
1805 1184 1837 1216 Q.
1854 1184 1880 1209 e.
1902 1184 1934 1206 A.
1951 1184 1975 1206 1.

84 1241 160 1284 sed
191 1241 240 1283 in
271 1243 460 1285 materia
493 1243 547 1284 de
578 1243 742 1298 gratia.

225 1314 356 1356 Vnde
387 1314 642 1370 proueniat,
677 1314 798 1371 quod
828 1314 962 1356 homo
996 1313 1065 1355 sui
1097 1327 1279 1368 compos
1312 1312 1370 1353 sit
1400 1310 1581 1368 proprie
1604 1310 1717 1351 liber
1743 1314 1786 1350 et
1809 1328 1842 1350 A.
1866 1325 1891 1350 2.

85 1385 295 1427 dominus
352 1400 534 1428 suorum
591 1391 794 1441 actuum,
853 1389 1075 1427 tractetur
1135 1383 1255 1425 infra
1314 1383 1362 1424 in
1415 1380 1677 1438 quaestione
1731 1380 1785 1421 (16

85 1456 313 1498 electione.

228 1528 355 1570 Nihil
387 1528 565 1570 dicatur
597 1528 652 1570 de
682 1544 796 1585 pura
828 1528 1081 1570 omissione·
1806 1543 1841 1566 A.
1864 1541 1889 1564 3.

231 1599 503 1655 Disputetur
542 1599 628 1654 hic,
676 1615 733 1641 an
772 1600 985 1642 voluntas
1024 1599 1167 1656 possit
1211 1597 1331 1653 cogi,
1378 1612 1471 1639 non
1511 1600 1679 1649 autem,
1728 1609 1787 1636 an
1807 1614 1842 1637 A.
1864 1613 1891 1635 4.

88 1669 233 1726 possit
263 1670 534 1725 necessitari,
570 1670 676 1727 quia
708 1671 762 1713 de
793 1671 878 1713 1100
909 1670 1096 1713 inferius
1127 1669 1415 1711 tractandum
1448 1672 1524 1710 est.

230 1752 464 1802 Quomodo
503 1758 648 1795 metus
686 1754 834 1796 irritet
870 1752 1230 1807 matrimonium,
1263 1756 1443 1806 votum,
1482 1750 1787 1792 iuramentum
1810 1766 1910 1798 μω.
1933 1765 1999 1790 A.6.

88 1827 133 1865 et
164 1828 431 1878 contractus,
465 1829 717 1867 reseruetur
750 1829 789 1869 2.
823 1829 861 1869 2.
897 1829 941 1866 et
974 1828 1012 1869 3.
1045 1823 1188 1865 Parti.

232 1895 537 1938 Difficultates
569 1897 623 1938 de
653 1897 913 1952 ignorantia
944 1900 1228 1938 reseruentur
1259 1895 1308 1936 in
1341 1894 1392 1944 Q.
1427 1897 1494 1938 76.
1811 1911 1845 1933 A.
1868 1910 1893 1933 s.

232 1967 415 2008 Plenior
456 1968 755 2011 consideratio
797 1968 1241 2010 circumstantiarum
1280 1980 1373 2007 non
1412 1969 1478 2006 est
1518 1964 1653 2006 huius
1685 1962 1789 2021 loci,
1811 1981 1844 2013 Q,
1868 1980 1893 2004 7.

91 2052 194 2079 cum
226 2038 280 2079 de
309 2038 401 2079 illis
433 2054 561 2095 saepe
592 2038 780 2082 inferius
813 2039 1120 2082 disserendum
1147 2039 1219 2081 sit.

234 2108 301 2150 De
334 2124 553 2152 concursu
584 2110 669 2152 Dei
702 2126 804 2152 cum
835 2115 991 2153 nostra
1022 2111 1259 2153 voluntate
1291 2123 1384 2150 non
1415 2107 1489 2150 hic
1522 2107 1790 2163 disputetur,
1812 2123 1886 2169 (279.
1909 2123 1981 2147 A.1.

93 2178 169 2221 sed
198 2179 248 2221 in
282 2184 319 2222 1.
353 2182 499 2222 Parte.
562 2181 690 2223 Nihil
724 2182 862 2224 etiam
894 2182 1073 2224 dicatur
1104 2182 1156 2223 de
1187 2181 1385 2222 fortuna.

234 2263 363 2304 Nihil
414 2263 488 2305 hic
540 2264 783 2307 disseratur
832 2265 886 2307 de
939 2264 1236 2321 praescientia
1290 2279 1367 2305 seu
1419 2261 1791 2320 praedefinitione
1813 2280 1846 2302 A.
1868 2278 1895 2301 Δ..

96 2337 279 2375 actuum
310 2334 575 2389 liberorum,
608 2351 752 2392 neque
783 2336 837 2378 de
869 2336 1070 2392 gratuita
1101 2336 1313 2389 motione,
1357 2350 1445 2390 qua
1478 2335 1600 2376 Deus
1639 2336 1792 2374 mouet

95 2405 378 2447 voluntatem
408 2406 665 2449 humanam.

237 2478 341 2518 Non
373 2477 553 2519 Videtur
583 2477 658 2521 hic
690 2479 929 2534 quicquam
963 2478 1273 2520 disserendum
1306 2478 1379 2519 Vel
1403 2477 1456 2518 de
1488 2476 1661 2518 obiecto
1686 2475 1793 2532 spei,
1816 2492 1907 2524 Q.11.
1966 2471 1969 2474 ⁴

96 2562 240 2603 neque
273 2563 331 2589 an
361 2548 503 2604 possit
537 2548 691 2591 beatus
723 2549 813 2592 frui
834 2549 991 2592 diuina
1022 2550 1216 2592 essentia
1247 2564 1340 2591 non
1368 2548 1557 2590 fruendo
1580 2547 1794 2604 personis,

97 2618 170 2660 vel
201 2633 292 2660 vna
323 2634 512 2676 persona
544 2624 588 2662 et
618 2635 710 2663 non
743 2621 856 2676 aliis,
889 2621 974 2663 1100
1007 2621 1128 2662 6111111
1159 2621 1354 2677 pertinet
1385 2620 1442 2661 ad
1478 2625 1514 2663 1.
1537 2620 1732 2660 Partem.

240 2703 344 2745 Non
391 2707 623 2759 tractetur,
670 2709 823 2746 vtrum
869 2704 1126 2746 intellectus
1173 2703 1313 2761 possit
1358 2703 1492 2745 simul
1537 2702 1682 2744 multa
1727 2700 1794 2742 in·
1815 2716 1995 2750 Q12.A.3.

98 2772 313 2829 telligere.

242 2845 346 2887 Non
378 2845 620 2888 disseratur
649 2846 737 2901 hic,
770 2851 925 2890 vtrum
957 2847 1200 2902 aliquando
1233 2846 1366 2888 liceat
1394 2846 1624 2889 consulere
1646 2845 1795 2886 minus
1818 2860 1853 2891 Q.
1878 2859 1923 2883 14.

101 2914 283 2957 malum.

245 2987 314 3029 De
347 3002 565 3030 consensu
594 2988 788 3044 formali,
822 2990 894 3032 vel
925 2989 1283 3046 interpretatiuo,
1317 2993 1362 3031 et
1395 3004 1453 3031 an
1485 2987 1708 3045 pertineat
1741 2985 1797 3026 ad
1821 3002 1856 3034 Q.
1878 3002 1920 3026 15.

102 3057 323 3101 rationem
355 3059 642 3116 superiorem,
674 3059 864 3103 inferius
894 3060 1182 3104 tractandum
1215 3064 1294 3102 est.
