2148 3402
540 187 584 228 R.
612 195 659 229 st.
686 189 790 230 1586.
839 188 1064 237 Adjumenta
1091 188 1307 227 studiorum.
1690 177 1772 224 175

80 327 242 355 rorum.
306 311 525 362 Quocirca
565 312 736 368 singuli
774 311 1061 364 Nostrorum,
1111 310 1188 366 qui
1230 311 1588 352 Humanioribus
1632 311 1774 353 literis

80 388 256 438 vacant,
289 382 529 425 Dominico
564 397 739 439 quoque
772 381 844 423 die
868 381 1040 436 aliquid
1073 382 1323 423 carminum
1352 381 1543 436 affigant
1574 382 1621 423 in
1642 383 1775 425 Refe-

81 454 213 497 ctorii
244 453 468 497 vestibulo
500 454 655 496 locoue
693 453 794 507 alic,
833 453 871 493 si
903 452 1053 508 aptior
1089 452 1168 496 sit:
1219 453 1340 508 quod
1381 453 1430 494 in
1461 454 1775 496 Renouatione

77 529 283 568 votorum
332 525 603 580 caeterisque
650 522 997 566 solennitatibus
1046 523 1191 565 multo
1238 524 1456 566 celebrius
1504 539 1554 566 ac
1600 525 1775 581 plenius

78 596 396 653 praestandum
445 600 532 650 est,
577 595 710 651 idque
749 610 775 636 a
816 593 1103 650 Philosophis
1143 595 1280 636 etiam
1327 599 1372 636 et
1411 595 1677 650 TheologiS,
1719 611 1775 637 ne

78 667 291 709 Poeticen
324 667 579 708 dediscant:
632 667 767 720 longe
798 680 905 707 vero
938 665 1254 721 copiosissime,
1287 681 1389 708 cum
1422 666 1675 708 studiorum
1707 682 1775 708 ce-

77 737 276 779 lebratur
318 737 602 779 instauratio.
681 737 921 778 Caeterum
967 736 1016 777 in
1059 735 1115 792 ijs
1160 736 1275 778 nihil
1323 736 1414 778 fere
1460 737 1777 794 interponatur

79 808 182 863 (nisi
219 823 319 850 cum
365 809 600 850 celebritas
637 808 791 864 aliqua
827 807 1072 863 multiplici
1103 808 1322 850 varietate
1354 808 1615 864 linguarum
1647 808 1778 851 coho-

79 880 300 921 nestanda
332 879 578 935 videretur)
609 878 791 934 vulgari
831 892 1034 920 sermone
1066 879 1391 935 conscriptum,
1431 893 1524 920 non
1565 879 1686 921 enim
1729 879 1777 921 id

83 955 227 1006 agunt
265 951 423 993 Nostri
468 951 518 992 in
567 950 752 1005 scholis,
807 954 861 992 vt
909 950 1199 993 vernaculam
1243 950 1451 1006 linguam
1497 950 1775 1005 condiscant,

79 1022 156 1064 sed
188 1022 402 1064 Latinam
434 1022 507 1065 vel
540 1023 760 1064 Graecam
791 1021 864 1064 vel
896 1021 1163 1063 Hebraeam.
1217 1022 1287 1063 Ex
1317 1021 1388 1063 his
1419 1022 1577 1078 itaque
1607 1021 1777 1077 linguis

78 1097 255 1135 tantum
288 1093 525 1135 scribenda
565 1097 671 1134 sunt
710 1107 823 1149 quae
854 1092 1047 1148 legenda
1079 1092 1179 1148 alijs
1210 1097 1510 1149 exponuntur,
1573 1094 1641 1135 Ea
1671 1108 1778 1136 vero

79 1169 350 1207 exornentur
394 1179 723 1220 nonnunquam
771 1163 924 1219 aliqua
972 1164 1169 1220 pictura,
1222 1179 1335 1220 quae
1382 1165 1658 1206 Emblemati
1704 1165 1778 1207 vel

79 1236 346 1292 Aenigmati
377 1236 606 1293 proposito
638 1235 929 1292 respondeat:
970 1250 1115 1291 neque
1145 1235 1350 1278 versibus
1380 1236 1525 1278 solum
1556 1236 1779 1293 implendi

78 1308 289 1364 parietes,
331 1307 407 1349 sed
439 1307 776 1350 admiscendum
807 1306 943 1348 etiam
975 1306 1149 1362 aliquid
1180 1321 1338 1363 prosae
1370 1307 1609 1362 breuioris,
1652 1307 1779 1349 cuius

81 1383 125 1420 et
154 1394 261 1422 Vsus
292 1378 572 1435 frequentior
604 1383 683 1433 est,
716 1382 761 1420 et
781 1378 986 1420 inuentio
1007 1378 1203 1434 grauior,
1237 1382 1282 1420 et
1301 1378 1441 1420 dictio
1463 1378 1607 1421 nihilo
1630 1379 1779 1420 minus

77 1449 320 1504 laboriosa;
375 1451 501 1492 cuius
553 1450 730 1506 generis
777 1465 868 1492 esse
917 1454 1100 1507 possent
1137 1450 1385 1507 Epitaphia
1424 1449 1777 1507 sepulchrorum,

82 1520 396 1578 inscriptiones
443 1522 736 1578 Clypeorum,
784 1522 1096 1578 Templorum,
1147 1522 1416 1577 Hortorum,
1464 1521 1777 1576 Theatrorum,

83 1592 309 1634 breuiores
354 1593 533 1649 aliquae
573 1593 897 1650 descriptiones
934 1593 1093 1648 Vrbis,
1144 1594 1334 1648 Portus,
1386 1594 1595 1649 Pugnae,
1646 1597 1779 1636 vetus

81 1663 432 1720 Apophthegma
463 1679 565 1706 cum
596 1664 690 1706 eius
721 1664 1000 1721 expositione
1031 1664 1308 1719 breuissima,
1341 1665 1495 1720 aliqua
1515 1664 1780 1720 cuiusquam

82 1735 193 1778 Diui
229 1750 300 1777 res
333 1739 338 1792 Ι
372 1740 511 1791 gesta.
585 1736 684 1778 Iam
721 1750 827 1778 vero
867 1750 1160 1791 quaecunque
1197 1736 1292 1777 siue
1331 1751 1464 1778 versu
1500 1736 1595 1778 siue
1632 1736 1780 1778 soluta

84 1806 286 1849 oratione
319 1822 345 1849 a
375 1807 554 1850 Nostris
583 1807 763 1864 publice
795 1806 1023 1862 affigenda
1054 1811 1184 1862 sunt,
1224 1808 1394 1850 Rector
1432 1823 1483 1850 ea
1521 1807 1701 1864 prodire
1731 1807 1780 1849 in

81 1878 313 1935 publicum
343 1893 436 1921 non
467 1878 688 1936 patiatur,
737 1879 1001 1935 priusquam
1041 1893 1067 1920 a
1106 1878 1280 1921 duobus
1318 1894 1473 1922 earum
1503 1878 1779 1921 facultatum

82 1949 215 1991 valde
258 1950 416 2007 peritis
460 1951 694 2006 recognita
738 1949 930 1991 fuerint:
982 1965 1066 1991 nec
1109 1949 1157 1991 id
1204 1950 1402 1993 muneris
1444 1950 1532 1993 sibi
1568 1950 1780 1993 vendicet

83 2020 353 2076 Praefectus,
386 2022 424 2062 si
456 2020 695 2076 contingat
726 2020 775 2062 in
805 2020 927 2063 hisce
958 2021 1091 2063 rebus
1122 2036 1215 2063 non
1247 2037 1340 2064 esse
1371 2022 1504 2065 valde
1535 2026 1778 2077 versatum,

83 2091 286 2148 alioquin
328 2092 676 2135 existimationis
716 2091 961 2148 iacturam,
1009 2108 1145 2149 quam
1183 2093 1233 2135 in
1270 2093 1356 2135 hoc
1395 2109 1558 2150 genere
1589 2093 1780 2136 facimus

84 2163 346 2219 aliquando,
384 2164 600 2206 maiorem
632 2164 680 2206 in
712 2163 807 2206 dies
838 2163 1067 2206 faciemus.
1129 2164 1251 2206 Illud
1282 2179 1389 2207 vero
1420 2164 1680 2207 habendum
1714 2169 1780 2207 est

84 2233 315 2277 doctrinae
345 2235 571 2292 specimen
600 2250 693 2277 non
722 2239 817 2277 tam
849 2235 898 2277 in
927 2250 1090 2290 rerum,
1123 2251 1237 2292 quae
1268 2236 1449 2293 publice
1477 2240 1779 2294 exponuntur,

84 2305 392 2361 multitudine,
424 2321 561 2363 quam
591 2307 641 2349 in
672 2307 947 2349 accuratiore
979 2306 1175 2362 quodam
1208 2306 1334 2349 cultu
1364 2307 1563 2363 positum
1594 2322 1701 2352 esse.

226 2377 448 2427 Quocirca
493 2378 675 2436 expedit
722 2379 925 2434 quidem,
976 2382 1028 2421 vt
1078 2377 1127 2420 in
1178 2377 1433 2420 studiorum
1481 2382 1780 2434 votorumque

85 2448 412 2491 instauratione
449 2454 492 2491 et
530 2450 689 2492 diebus
726 2450 827 2493 aliis
859 2449 1180 2492 celebrioribus
1211 2449 1453 2492 iubeantur
1483 2464 1639 2492 omnes
1670 2451 1782 2492 Poe-

85 2520 229 2562 ticum
268 2520 440 2576 aliquid
480 2521 553 2564 vel
586 2521 845 2564 Oratorium
877 2521 1081 2565 scribere.
1142 2521 1206 2563 At
1237 2536 1340 2563 cum
1372 2521 1430 2563 ad
1460 2536 1627 2577 eorum,
1667 2536 1781 2577 quae

85 2591 252 2649 scripta
289 2596 418 2647 sunt,
463 2592 686 2635 delectum
723 2593 928 2648 venitur,
973 2607 1142 2649 pauca,
1192 2607 1306 2649 quae
1340 2592 1533 2648 legenda
1571 2592 1780 2635 omnibus

83 2663 396 2720 praebeantur,
427 2664 656 2720 seligenda
688 2669 814 2718 sunt3
848 2664 1018 2721 optima
1049 2663 1170 2705 enim
1200 2663 1294 2705 fere
1325 2678 1469 2720 pauca
1499 2668 1618 2719 sunt,
1652 2667 1696 2706 et
1727 2678 1780 2705 ex

86 2733 140 2790 ijs
171 2734 335 2792 potius,
369 2750 505 2791 quam
537 2750 592 2777 ex
623 2750 861 2778 numerosa
893 2735 1089 2791 quadam
1119 2733 1348 2790 farragine
1384 2734 1502 2777 bona
1532 2734 1586 2776 de
1617 2734 1781 2777 scholis

86 2807 252 2848 nostris
283 2806 434 2863 opinio
466 2812 756 2864 propagatur,
789 2806 1050 2864 praesertim
1082 2805 1119 2847 si
1149 2820 1293 2863 pauca
1323 2805 1403 2848 illa
1434 2821 1573 2848 manu
1603 2820 1780 2863 quoque

85 2878 272 2934 librarij,
303 2883 357 2921 vt
386 2893 468 2936 par
497 2882 576 2934 est,
607 2883 893 2921 exornentur.

229 2951 268 2992 6.
301 2947 429 2991 Nihil
459 2963 565 2991 vero
597 2953 676 3004 est,
710 2949 831 3006 quod
853 2965 995 3006 aeque
1016 2949 1233 2992 iuuenum
1252 2949 1426 2991 animos
1447 2948 1505 2991 ad
1527 2947 1778 2991 studiorum

86 3018 260 3061 labores
306 3019 556 3062 inflammet
603 3024 737 3077 atque
785 3020 948 3063 diuisio
995 3021 1376 3078 praemiorum.
1454 3019 1602 3069 Quare
1647 3018 1778 3061 enixe

88 3089 342 3133 conandum
374 3095 454 3147 est,
486 3095 539 3135 vt
570 3091 774 3147 quolibet
807 3107 926 3134 anno
957 3093 1094 3135 semel
1117 3107 1219 3134 cum
1244 3091 1482 3134 minimum
1503 3089 1780 3132 distribuan-

1800 1762 1828 1785 p.
1841 1752 1901 1777 258.
