2143 3462
236 351 265 373 p.
294 342 354 366 172.

236 1988 265 2011 p.
295 1979 355 2004 173.

382 195 465 236 126
549 203 661 239 Ratio
688 205 890 240 studiorum
917 209 955 241 et
978 205 1235 242 institutiones
1262 205 1508 241 scholasticae
1537 206 1732 243 Societatis
1759 208 1850 244 Jesu
1874 209 1924 244 ΙΙ.

376 324 790 380 circunscribantur!
818 326 1017 382 quinque
1062 327 1311 382 mensibus,
1359 332 1405 368 et
1446 326 1495 368 in
1541 332 1667 369 sexto
1712 343 1899 370 examen
1945 342 2076 370 omne

375 395 649 451 perficiatur.

517 467 644 509 Idem
666 467 719 509 fit
739 468 787 510 in
804 468 1023 510 Eborensi
1045 469 1265 525 Collegi03
1300 469 1406 511 lieet
1434 469 1554 510 enim
1575 469 1670 511 sine
1702 484 1920 511 consensu
1936 469 2076 525 Regis

375 537 517 594 possit
546 538 594 580 id
626 539 676 580 P.
712 539 948 581 Generalis
980 544 1177 594 mutare,
1224 539 1474 597 optandum
1514 543 1665 581 tamen
1705 544 1790 594 est,
1839 555 1895 582 ne
1926 540 2077 582 minus

375 608 571 651 habeant
602 610 867 662 Eborenses,
901 625 1037 665 quam
1062 610 1461 665 Conimbricenses,
1495 625 1596 652 cum
1614 615 1806 666 Vtraque
1826 611 2071 653 Academia

374 680 434 721 sit
468 680 608 735 Regis
640 695 763 737 opus,
797 686 841 722 et
872 696 925 722 ex
948 695 1039 722 vna
1060 681 1109 722 in
1130 681 1318 723 alteram
1334 681 1450 723 fiant
1472 681 1795 738 discipulorum
1814 681 2072 738 frequentes

375 751 782 806 commigrationes,
816 752 980 806 quibus
1011 765 1102 793 non
1122 767 1283 808 parum
1314 751 1737 806 incommodaretur,
1770 752 1807 793 si
1838 766 1931 794 non
1952 752 2073 794 idem

374 836 523 863 rerum
555 837 708 864 cursus
742 837 792 864 ac
824 826 954 864 tenor
986 822 1228 878 vtrobique
1267 827 1538 876 seruaretur,
1579 822 1734 864 audita
1772 838 1965 878 namque
1998 838 2073 864 00-

375 898 588 948 gerentur
619 893 788 948 audire,
821 894 895 936 Vel
929 908 1076 936 carere
1108 909 1288 950 prorsus
1319 909 1412 935 non
1445 893 1625 936 auditis.

517 964 634 1005 Sunt
655 968 701 1004 et
720 963 768 1004 in
787 964 1031 1006 Germania
1047 964 1289 1006 Pontificia
1311 964 1531 1020 quaedam
1552 964 1839 1007 alumnorum
1861 964 2076 1020 Collegia,

375 1034 423 1076 111
467 1034 630 1090 quibus
675 1034 860 1076 biennio
904 1035 979 1078 vel
1025 1036 1162 1092 paulo
1206 1036 1400 1092 amplius
1443 1035 1738 1092 Philosophia
1784 1035 2072 1092 percurritur,

374 1106 481 1162 quia
496 1109 679 1162 propter
693 1105 894 1163 inopiam
916 1107 1234 1163 operariorum,
1254 1107 1333 1162 qui
1351 1111 1512 1162 gerant
1533 1121 1684 1149 curam
1710 1107 1977 1162 animarum,
1998 1121 2076 1148 ne-

375 1181 548 1232 queunt
578 1176 773 1218 triennio
807 1176 1018 1218 detineri:
1060 1177 1198 1219 immo
1241 1177 1433 1219 secundo
1474 1192 1592 1219 anno
1632 1177 1777 1220 valde·
1805 1178 1939 1234 pauci
1970 1182 2077 1219 sunt

374 1247 693 1304 Philosophiae
735 1247 940 1292 studiosi.
1004 1248 1156 1290 Satius
1199 1263 1304 1290 vero
1350 1252 1555 1290 censetur
1598 1263 1690 1290 esse
1733 1247 1936 1290 biennali
1973 1248 2076 1290 illos

375 1318 684 1375 Philosophia,
717 1334 853 1375 quam
883 1320 1010 1362 nulla
1040 1319 1205 1363 imbui:
1240 1334 1291 1361 ea
1321 1334 1515 1376 namque
1546 1334 1638 1361 non
1668 1334 1828 1376 parum
1860 1319 2078 1361 iuuantur

375 1394 472 1432 tum
505 1389 562 1432 ad
593 1390 753 1432 melius
784 1390 1106 1446 intelligendos
1128 1389 1428 1432 conscientiae
1457 1405 1598 1445 casus,
1632 1395 1732 1432 tum
1754 1391 1811 1432 ad
1831 1405 1875 1432 se
1896 1390 2076 1432 facilius

376 1460 664 1503 extricandos
697 1461 753 1503 ab
786 1461 1113 1504 haereticorum
1146 1461 1445 1518 captionibUS,
1483 1461 1751 1517 quibuscum
1784 1465 1960 1518 oportet
1996 1475 2075 1503 eos

375 1532 590 1589 congredi
621 1533 894 1589 frequenter:
935 1547 1023 1589 qua
1063 1533 1113 1574 in
1144 1532 1452 1589 disputatione
1491 1532 1638 1588 magis
1677 1532 1893 1574 iuuantur
1922 1532 2077 1575 Philo-

374 1604 545 1661 sophia,
578 1619 714 1660 quam
743 1604 844 1647 rudi
862 1604 1059 1661 quodam
1077 1604 1272 1646 Casuum
1289 1603 1587 1646 conscientiae
1605 1603 1777 1646 auditu.
1811 1603 1897 1646 His
1917 1603 2070 1659 itaque

374 1675 483 1717 locis
500 1674 725 1732 indulgeri
745 1679 908 1733 posset,
932 1674 970 1716 si
989 1675 1038 1717 P.
1059 1674 1275 1718 Generali
1292 1675 1536 1730 videbitur,
1569 1689 1620 1717 ea
1640 1674 1927 1732 dispensatio,
1960 1689 2074 1731 quae

375 1745 661 1802 significatur
699 1746 748 1788 in
778 1749 819 1791 4.
853 1747 977 1788 Part.
1012 1745 1401 1788 Constitutionum
1435 1746 1543 1804 Cap.
1580 1748 1646 1791 15.
1680 1746 1834 1788 Litera
1865 1747 1920 1788 D.
1974 1745 2073 1796 Qua

375 1816 708 1874 dispensatione
739 1818 809 1861 vti
839 1821 1022 1874 possent
1053 1820 1098 1859 et
1127 1817 1209 1859 illa
1230 1817 1501 1859 Germaniae
1523 1817 1738 1874 Collegia,
1771 1817 1933 1874 quibus
1965 1817 2074 1860 satis

374 1903 567 1945 magnus
597 1889 673 1931 vel
703 1889 976 1944 auditorum,
1007 1889 1080 1931 vel
1111 1887 1422 1931 Professorum
1453 1903 1667 1931 numerus
1697 1903 1791 1931 non
1822 1888 2034 1946 suppetit.

516 1960 657 2002 Porro
688 1960 946 2017 vbicunque
978 1960 1038 2002 sit
1078 1959 1367 2014 consuetudo,
1406 1974 1495 2016 qua
1527 1960 1584 2002 ad
1611 1960 1744 2002 finem
1774 1966 1781 2012 1
1809 1960 1994 2002 aestatis
2024 1959 2073 2001 in

376 2032 517 2074 classe
555 2031 825 2074 Rhetoricae
863 2030 1180 2089 compendium
1219 2030 1417 2086 Logicae
1461 2031 1660 2088 praelegi
1697 2031 1810 2074 solet
1850 2030 2073 2074 audituris

375 2102 715 2159 Philosophiam
747 2103 886 2145 altero
920 2116 1052 2157 anno,
1087 2102 1348 2158 abroganda
1368 2102 1571 2157 videtur3
1605 2102 1653 2145 id
1685 2102 1804 2145 enim
1824 2106 1868 2144 et
1887 2100 2074 2144 triennii

374 2173 540 2215 limites
572 2173 750 2216 excedit
780 2178 825 2215 et
857 2173 1086 2230 singulare
1118 2178 1196 2228 est,
1231 2177 1274 2216 et
1305 2173 1452 2216 alieno
1483 2174 1537 2216 fit
1577 2174 1696 2228 loco,
1728 2178 1772 2215 et
1802 2172 1992 2230 impedit
2022 2186 2072 2214 eo

375 2249 574 2301 tempore
607 2244 877 2287 Rhetoricae
908 2244 1149 2287 lectionem
1180 2260 1281 2287 cum
1313 2245 1477 2287 damno
1509 2259 1663 2287 eorum
1702 2245 1874 2299 saltem,
1907 2243 1986 2299 qui
2017 2242 2074 2285 ad

375 2315 715 2372 Philosophiam
746 2331 837 2358 non
868 2321 975 2359 sunt
1007 2316 1244 2359 ascensuri.
1295 2317 1449 2359 Satius
1470 2320 1536 2358 est
1551 2315 1693 2372 igitur
1722 2315 1854 2357 initio
1887 2313 2070 2370 triennij

374 2385 684 2444 Philosophici
725 2387 889 2444 exponi
929 2392 973 2430 et
1005 2387 1152 2430 audiri
1187 2388 1384 2444 Logicae
1423 2386 1759 2444 compendium,
1800 2401 1912 2442 quae
1951 2400 2071 2428 sum-

377 2457 500 2499 mula
532 2457 710 2503 dicitur.

518 2531 557 2572 2.
591 2528 952 2571 Constitutiones
991 2533 1030 2573 4.
1063 2530 1186 2572 Part.
1228 2531 1333 2587 Cap.
1371 2532 1438 2574 13.
1478 2528 1633 2571 Litera
1656 2529 1730 2572 E.:
1768 2529 1950 2585 „Posset
1991 2527 2071 2570 ali-

376 2598 489 2654 quiS,
522 2599 752 2654 inquiunt,
786 2614 838 2642 ea
868 2604 1017 2642 aetate
1049 2600 1121 2643 vel
1153 2600 1335 2657 ingenio
1368 2615 1472 2655 esse,
1505 2604 1558 2642 vt
1589 2600 1683 2641 sola
1714 2599 1880 2642 Latina
1911 2599 2070 2655 lingua

379 2669 419 2711 01
451 2669 657 2724 sufficiat,
691 2675 736 2711 et
769 2685 822 2712 ex
855 2670 956 2726 alijs
986 2670 1281 2714 facultatibus
1314 2674 1537 2727 quantum
1573 2670 1629 2712 ad
1665 2670 1963 2713 confessiones
1995 2684 2070 2712 au-

376 2740 562 2782 diendas
593 2745 637 2782 et
668 2741 895 2796 agendum
928 2757 1030 2784 cum
1061 2742 1280 2799 proximis
1297 2756 1407 2799 opus
1425 2744 1504 2796 est,
1524 2741 1776 2783 cuiusmodi
1792 2744 1897 2783 sunt
1914 2739 2069 2796 aliqui,

377 2812 454 2866 qui
487 2826 638 2853 curam
656 2811 905 2853 animarum
925 2817 1100 2867 gerunt,
1134 2829 1216 2855 1100
1239 2827 1430 2867 magnae
1450 2811 1714 2854 eruditionis
1735 2817 1842 2853 sunt
1865 2825 2067 2868 capaces:

377 2881 453 2937 alij
487 2897 640 2924 rursus
673 2887 816 2936 erunt,
850 2883 927 2938 qui
961 2883 1016 2924 ad
1057 2884 1303 2939 superiores
1335 2882 1546 2924 scientias
1578 2882 1911 2938 progedientur.
1973 2882 2068 2923 Has

377 2958 526 2995 autem
559 2967 798 3009 capessere,
830 2958 875 2994 et
906 2953 1007 2995 illas
1024 2954 1274 3009 relinquere
1292 2957 1512 3008 quatenus
1545 2953 1798 3008 conueniat,
1832 2952 2068 3009 superioris

377 3024 462 3065 erit
499 3023 740 3067 iudicare.“
777 3049 830 3053 —
863 3024 926 3065 Et
959 3024 1064 3080 Cap.
1100 3027 1139 3068 5.
1172 3025 1262 3068 Lit.
1296 3025 1364 3066 O.:
1411 3024 1572 3080 „quta
1603 3024 1808 3079 modum,
1841 3023 2068 3079 inquiunt,

378 3095 550 3150 aetatis,
583 3094 891 3152 propensionis
924 3094 1065 3137 animi
1088 3099 1132 3137 et
1154 3094 1454 3137 institutionis
1478 3095 1526 3136 in
1543 3095 1688 3138 literis
1704 3095 2066 3151 vniuscuiusque,
