2089 3381
677 155 719 192 R.
748 159 793 192 st.
823 157 923 192 1586.
962 153 1201 190 Prooemium
1734 144 1789 189 29

94 284 242 322 tatum
290 283 370 321 est.
447 279 501 320 In
548 278 688 319 altero
728 275 921 318 traditus
961 274 1051 316 fuit
1099 274 1206 316 ordo
1249 289 1301 315 ac
1339 273 1493 330 praxis
1535 274 1789 317 scholarum

95 351 384 405 omniumque
405 365 509 391 exer
535 350 541 405 Ι
570 349 850 400 citationum,
875 345 1038 401 quibus
1062 345 1119 386 ad
1142 345 1411 402 sapientiam
1432 360 1483 386 ac
1502 345 1643 387 bonas
1672 353 1787 388 artes
1820 376 1837 390 ‚.
1865 367 1884 389 3.

93 421 311 463 quentus
362 424 670 477 promouetur,
722 417 962 459 institutio.
1052 416 1119 458 Ac
1172 416 1369 472 primum
1420 416 1468 457 in
1521 417 1787 472 opinionum

91 492 466 547 Theologicarum
499 489 719 543 examine,
752 489 801 530 in
833 502 920 543 quo
954 487 1129 542 aliquid
1162 487 1432 542 excogitare,
1474 487 1595 542 quod
1634 489 1790 529 multis

92 564 319 619 probetur,
367 563 557 606 arduum
603 575 773 616 semper
812 559 962 602 visum
1006 564 1073 600 est
1111 558 1333 612 omnibus,
1384 563 1564 614 patrum
1609 558 1789 600 illorum

92 648 222 688 vnus,
270 634 348 689 qui
393 637 596 690 praeerat
643 629 1011 686 Congregationi,
1060 629 1371 685 quaestionem
1414 629 1550 670 aliam
1597 644 1651 670 ex
1701 630 1791 671 alia

92 704 220 746 iuxta
258 704 460 746 ordinem
490 702 709 755 Partium,
750 701 1061 755 Questionum,
1095 701 1406 742 Articulorum
1439 701 1482 743 S.
1504 700 1703 742 Thomae
1742 701 1792 742 in

92 773 463 831 disceptationem
478 773 686 827 vocabat,
718 772 873 814 ordine
892 787 1020 813 suam
1042 772 1228 827 quisque
1251 772 1525 813 sententiam
1546 771 1789 828 prodebat,

93 845 130 886 si
162 845 377 901 suffragia
409 844 756 897 concordabant,
791 842 914 884 haud
944 857 1111 898 magno
1137 844 1319 899 negotio
1342 859 1410 885 res
1432 844 1790 899 transigebatur3

94 916 165 957 sin
219 916 509 970 dissidebant,
570 920 671 957 tum
721 914 969 970 disputatio
1020 914 1132 955 acris
1184 915 1435 957 oriebatur:
1501 915 1792 957 diuidebatur

94 987 295 1042 quaestio
326 987 375 1028 in
414 986 616 1043 proprios
654 990 814 1040 status,
863 990 985 1026 certa
1032 985 1302 1029 secabantur
1341 988 1396 1029 ab
1437 987 1676 1043 ambiguis,
1725 987 1791 1029 lu-

93 1058 217 1100 brica
249 1063 293 1099 et
325 1058 513 1100 obscura
546 1073 570 1099 a
601 1057 711 1098 ratis
743 1062 787 1098 et
819 1056 1039 1099 definitis:
1074 1057 1402 1099 controuersiae
1445 1058 1593 1114 capite
1625 1058 1687 1100 sic
1720 1073 1794 1099 ex-

90 1129 280 1186 plorato,
337 1127 688 1185 discrepantium
736 1127 856 1169 inter
912 1142 958 1169 se
1014 1133 1385 1183 argumentorum
1438 1134 1667 1171 momenta
1718 1145 1794 1186 ap-

88 1200 412 1257 pendebantur,
460 1200 509 1241 in
545 1199 748 1241 chartam
794 1199 947 1241 sedulo
985 1198 1310 1254 referebantur3
1360 1201 1540 1257 copiosa
1583 1201 1790 1256 duorum,

90 1271 320 1314 interdum
352 1271 490 1313 etiam
519 1270 660 1313 trium
690 1269 864 1311 dierum
892 1269 1198 1326 disputatione
1221 1271 1611 1326 examinabantur,
1652 1271 1793 1314 donec

97 1343 176 1398 qui
207 1342 338 1385 aliter
369 1346 597 1384 senserant
625 1341 674 1383 in
694 1341 991 1398 plurimorum
1013 1341 1284 1384 sententiam
1305 1347 1464 1399 sponte
1484 1343 1791 1385 concederent.

239 1415 295 1456 In
327 1413 643 1456 constituenda
675 1412 836 1455 deinde
869 1417 988 1454 certa
1010 1412 1186 1454 ratione
1207 1427 1258 1454 ac
1278 1413 1506 1467 methodo,
1541 1429 1629 1469 qua
1652 1414 1793 1457 scien-

92 1485 183 1527 tiae
234 1490 279 1527 et
330 1485 569 1527 facultates
622 1484 828 1540 singulae
877 1487 1194 1538 tractarentur,
1245 1483 1554 1526 recitabantur
1602 1485 1794 1527 Patrum

93 1562 348 1598 nostrorum
379 1555 428 1598 in
459 1556 580 1598 hunc
609 1570 742 1598 vsum
773 1559 1064 1597 conseruatae
1097 1555 1456 1609 deliberationes,
1489 1555 1583 1597 siue
1621 1556 1794 1598 Romae

96 1627 191 1670 siue
230 1632 359 1670 extra
394 1627 444 1669 in
492 1626 791 1668 nobilioribus
834 1626 1073 1668 Societatis
1112 1625 1326 1682 Collegijs
1364 1626 1494 1668 varia
1538 1631 1794 1683 temporum

96 1698 327 1741 occasione
358 1698 613 1740 institutae:
646 1697 1021 1755 percensebantur
1051 1697 1269 1753 epistolae
1292 1702 1336 1739 et
1358 1698 1564 1740 consulta
1584 1699 1794 1754 legesque

96 1768 458 1823 vniuersitatum,
492 1773 537 1810 et
567 1767 734 1809 diuersi
765 1767 940 1823 generis
973 1767 1075 1822 alia,
1108 1768 1274 1824 partim
1314 1769 1618 1825 superioribus
1650 1770 1794 1825 annis,

97 1840 264 1897 partim
294 1839 549 1896 nuperrime
581 1839 637 1881 ad
670 1838 987 1880 Reuerendum
1018 1840 1070 1880 P.
1094 1840 1149 1882 N.
1186 1840 1451 1882 Generalem
1483 1855 1538 1882 ex
1568 1841 1795 1898 plerisque

99 1926 200 1953 cum
230 1910 359 1952 Italis
391 1916 436 1952 et
468 1910 700 1967 Hispanis,
736 1914 832 1951 tum
865 1909 1000 1951 etiam
1034 1909 1226 1964 Galliae,
1265 1911 1547 1966 Germaniae,
1580 1912 1796 1954 Poloniae

96 1982 341 2039 prouincijs
361 1982 642 2024 transmissa:
665 1980 983 2037 relegebantur
1010 1986 1016 2034 1
1044 1986 1230 2036 quartae
1252 1982 1394 2038 partis
1417 1983 1789 2039 Constitutiones,
1838 2022 1844 2029 ,

98 2054 335 2110 studioque
367 2054 425 2096 ad
455 2058 617 2095 nutum
648 2052 741 2094 illis
770 2052 960 2109 parendi
991 2052 1145 2094 sedulo
1168 2053 1557 2109 expendebantur:
1592 2055 1795 2097 Canones

97 2124 306 2166 similiter
338 2124 765 2180 Congregationum,
813 2123 1018 2178 Regulae
1064 2127 1108 2164 et
1158 2128 1334 2165 statuta
1379 2124 1648 2179 scholarum,
1692 2140 1797 2167 con-

98 2195 355 2238 suetudines
375 2200 614 2252 praeterea,
647 2209 880 2250 moresque
903 2194 1094 2250 Collegij
1116 2195 1327 2250 Romani,
1357 2210 1470 2251 quae
1493 2196 1606 2238 liber
1638 2211 1794 2238 manu-

100 2266 295 2322 scriptus
327 2267 462 2308 simul
495 2266 647 2308 omnia
686 2265 1082 2322 complectebatur.
1147 2266 1218 2307 Ex
1259 2266 1330 2307 his
1368 2267 1556 2323 antiqua
1599 2267 1796 2324 plurima

99 2337 424 2391 retinebantur,
455 2337 791 2392 recentioraque
824 2336 1158 2391 attexebantur,
1191 2337 1533 2394 abrogabantur
1553 2339 1794 2381 nonnulla:

101 2407 138 2448 si
169 2422 257 2463 qua
290 2408 624 2450 dubitationem
656 2407 934 2461 adferebant,
967 2407 1137 2463 singuli
1167 2409 1429 2464 prouinciae
1462 2425 1566 2452 suae
1594 2410 1796 2466 priuatas

100 2479 173 2520 vel
205 2493 461 2520 communes
492 2479 816 2533 institutiones,
850 2493 982 2521 Vsum
1021 2484 1064 2520 et
1096 2481 1299 2536 exempla
1345 2481 1611 2535 scholarum,
1653 2496 1796 2524 mores

101 2553 145 2591 et
177 2554 338 2591 cuncta
368 2551 417 2592 in
448 2551 646 2592 medium
688 2550 990 2606 proferebant,
1037 2551 1271 2592 commoda
1317 2558 1362 2593 et
1392 2552 1677 2594 incommoda
1724 2553 1797 2595 de-

103 2621 429 2675 monstrabant,
462 2621 625 2677 quibus
655 2625 725 2662 tot
755 2626 939 2676 tamque
970 2621 1108 2677 Varijs
1141 2622 1323 2678 auxilijs
1350 2623 1407 2664 ad
1436 2623 1796 2679 disquisitionem

99 2691 511 2748 judicationemque
552 2692 782 2747 adhibitis,
821 2692 1068 2734 multarum
1105 2693 1414 2749 peruestigata
1456 2699 1562 2736 sunt
1601 2695 1797 2736 remedia

104 2762 437 2818 difficultatum,
468 2763 676 2819 iactaque
706 2767 890 2805 mutuae
920 2763 1037 2805 inter
1058 2778 1140 2806 nos
1160 2765 1463 2807 consensionis
1484 2765 1795 2818 fundamenta,

106 2848 207 2875 cum
252 2833 393 2876 fixum
440 2849 492 2876 ac
536 2840 688 2877 ratum
734 2834 783 2876 id
829 2834 949 2891 apud
1002 2849 1049 2876 se
1087 2835 1324 2890 haberent,
1369 2836 1484 2878 nihil
1534 2851 1626 2878 esse
1670 2850 1796 2892 posse

103 2905 177 2947 vel
210 2905 267 2946 ad
306 2905 561 2947 scholarum
601 2905 991 2947 conseruationem
1034 2907 1455 2963 promotionemque
1501 2908 1672 2961 vtilius,
1721 2906 1794 2949 vel

106 2975 164 3017 ad
210 2975 404 3031 gratiam
455 2982 852 3033 comparatamque
889 2976 1270 3020 existimationem
1307 2979 1592 3020 retinendam
1623 2992 1795 3019 accom-

106 3047 344 3103 modatius,
394 3061 529 3103 quam
568 3047 829 3090 vniusmodi
867 3061 1019 3090 omnes
1057 3062 1264 3091 normam
1310 3048 1793 3108 praescriptionemque
