2089 3381
492 167 832 213 Begleitschreiben
857 168 1068 212 Aquavivas
1094 179 1161 204 zur
1186 168 1230 203 R.
1255 171 1300 203 st.
1330 168 1430 203 1536.
1748 157 1801 201 11

114 303 200 344 que
231 303 397 344 magna
428 304 482 331 ex
513 295 642 346 parte
672 305 727 332 ex
757 289 842 331 hac
873 304 919 331 re
950 289 1128 345 pendet,
1168 304 1248 345 pro
1281 304 1361 331 sua
1391 294 1518 345 parte
1551 291 1800 343 consulant,

112 358 198 401 hoc
228 374 283 401 ex
314 359 464 402 animo
496 360 671 403 studere
703 364 836 415 atque
867 360 992 415 eniti,
1024 364 1076 403 ut
1107 360 1306 403 rationes
1336 361 1586 414 inveniant,
1626 376 1717 403 non
1749 366 1802 403 ut

112 435 233 472 certa
263 431 499 487 quaepiam
531 432 732 474 definitio
765 432 1048 488 impediatur,
1092 432 1220 487 quasi
1250 446 1320 473 res
1354 431 1564 486 difficilis,
1606 435 1650 473 et
1688 446 1802 487 quae

113 501 296 543 omnino
342 501 439 543 fieri
484 516 576 544 non
620 502 761 559 possit
806 502 958 559 (plane
1000 502 1121 544 enim
1161 501 1416 557 judicatum
1455 506 1520 544 est
1558 501 1687 544 nobis
1718 501 1804 544 hoc

112 571 278 614 facere:
312 587 414 614 cum
446 576 491 614 et
523 573 821 616 necessarium
852 573 1100 626 videamus,
1134 577 1177 615 et
1203 577 1437 630 tantopere
1460 572 1805 615 Constitutioni-

112 642 196 684 bus
228 643 594 699 commendetur),
626 645 703 687 sed
732 644 884 701 potius
916 645 973 687 ad
1004 644 1306 698 difficultates,
1340 644 1378 686 si
1410 659 1523 700 quae
1555 646 1804 697 occurrant,

112 714 398 770 superandas,
448 719 500 756 ut
536 719 633 757 tota
670 715 871 758 Societas
907 716 956 757 in
995 731 1134 758 unam
1174 715 1449 771 eandemque
1497 714 1806 757 definitionem

112 785 348 842 conspiret,
382 786 595 841 quoniam
627 786 830 842 alioquin
860 787 910 830 in
941 802 1159 843 magnum
1192 787 1367 830 cederet
1400 786 1639 829 Societatis
1670 785 1808 828 detri-

111 860 326 899 mentum.
389 857 450 899 Et
474 857 579 912 quia
611 858 824 901 Patribus
854 859 925 901 his
957 858 1196 915 deputatis,
1230 873 1318 915 quo
1350 858 1511 901 melius
1533 856 1685 900 omnia
1705 871 1807 913 per-

113 928 217 985 cipi,
249 932 294 970 et
325 928 380 971 ab
414 929 515 971 aliis
541 929 765 985 judicium
796 930 967 987 percipi
997 934 1159 987 posset,
1191 930 1341 973 visum
1373 934 1439 972 est
1469 930 1556 972 hoc
1586 929 1703 972 libro
1736 942 1807 970 su-

112 1014 239 1041 arum
283 1000 607 1043 sententiarum
646 1001 844 1044 rationes
883 1001 1066 1044 uberius
1097 1002 1333 1058 explicare,
1384 1001 1623 1058 adscriptis
1669 1000 1806 1042 etiam

112 1070 272 1125 causis,
305 1086 384 1113 cur
414 1071 479 1112 ita
509 1071 558 1113 in
589 1087 766 1128 quaque
797 1087 844 1114 re
876 1073 1109 1126 senserint,
1141 1072 1338 1129 intelligi
1369 1073 1512 1127 debet,
1551 1086 1644 1114 non
1684 1071 1805 1112 idem

111 1145 340 1184 servatum
378 1142 436 1184 iri
474 1142 523 1184 in
562 1158 613 1185 eo
653 1143 908 1186 studiorum
954 1144 1123 1199 ordine,
1171 1144 1248 1200 qui
1298 1148 1456 1201 postea
1503 1141 1807 1186 conficiendus

113 1212 210 1266 erit,
239 1214 245 1265 Ι
273 1212 351 1269 qui
382 1227 438 1255 sc.
472 1228 524 1256 ea
563 1214 709 1256 solum
740 1215 1005 1270 continebit,
1054 1230 1167 1271 quae
1197 1215 1557 1272 praescribentur
1588 1211 1808 1257 Societati
1849 1245 1856 1253 .

111 1283 199 1326 toti
230 1284 520 1327 observanda.
594 1286 694 1328 Hoc
726 1291 891 1341 autem,
932 1287 1311 1342 quemadmodum
1343 1286 1453 1341 dixi,
1491 1286 1568 1328 fiet
1607 1300 1709 1328 cum
1739 1284 1806 1326 di-

112 1354 222 1398 vina
252 1356 414 1411 gratia,
448 1357 781 1414 quamprimum
812 1373 866 1400 ex
893 1358 1102 1401 omnibus
1121 1359 1330 1415 Europae
1361 1357 1608 1415 provinciis
1628 1371 1809 1413 respon-

113 1441 212 1468 sum
243 1427 431 1483 Venerit,
466 1429 571 1484 quia
602 1434 713 1484 tum,
754 1434 964 1487 percepto
998 1430 1239 1473 Societatis
1270 1430 1506 1472 universae
1539 1428 1712 1485 judicio
1758 1443 1809 1471 ac

113 1512 258 1553 sensu,
293 1513 387 1541 non
418 1499 564 1542 solum
596 1515 699 1542 cum
735 1501 903 1557 majore
933 1501 1035 1543 luce
1076 1517 1127 1544 ac
1157 1501 1386 1556 firmitate,
1428 1500 1506 1543 sed
1537 1500 1676 1542 etiam
1707 1514 1807 1541 sua-

113 1568 257 1611 vitate
303 1585 355 1612 ac
400 1571 649 1626 exequendi
693 1572 914 1614 facilitate
958 1572 1114 1615 licebit
1152 1573 1298 1627 nobis,
1330 1586 1536 1629 suprema
1578 1585 1717 1613 manu
1761 1574 1807 1613 et

113 1640 243 1696 quasi
289 1641 499 1683 coronide
543 1642 770 1699 imposita,
804 1643 1008 1686 stabilire
1053 1644 1173 1700 quod
1220 1644 1430 1701 deinceps
1477 1642 1723 1685 tenendum
1762 1645 1809 1684 et

113 1711 419 1766 exequendum
454 1712 524 1755 sit.
595 1712 742 1763 Quare
773 1718 1013 1771 postquam
1052 1715 1313 1771 provinciae
1350 1715 1481 1757 istius
1512 1714 1731 1756 Doctores
1762 1717 1808 1755 et

113 1782 174 1826 R&
193 1782 254 1825 V?
285 1798 387 1825 cum
418 1783 510 1825 illis
541 1784 693 1826 omnia
724 1785 836 1828 bene
875 1786 1191 1841 examinarint,
1239 1785 1421 1828 debebit
1455 1785 1679 1842 judicium
1721 1784 1807 1827 hoc

114 1853 172 1895 ad
200 1868 283 1895 nos
314 1854 507 1910 mittere,
539 1855 675 1912 idque
707 1872 842 1912 quam
873 1857 1083 1914 primum,
1117 1857 1323 1914 cupimus
1355 1857 1474 1899 enim
1506 1857 1573 1899 ita
1605 1871 1699 1898 rem
1739 1856 1808 1897 in·-

114 1925 310 1980 stituere,
342 1931 395 1968 ut
425 1927 582 1969 Patres
613 1928 946 1984 Procuratores,
978 1928 1058 1985 qui
1089 1928 1146 1971 ad
1176 1928 1370 1985 primam
1396 1927 1807 1984 Congregationem

113 1996 310 2051 venient,
360 1997 612 2041 studiorum
653 1999 856 2041 ordinem
894 2000 1078 2042 omnino
1129 1999 1388 2042 absolutum
1440 2014 1492 2041 ac
1553 1997 1807 2040 stabilitum

113 2082 264 2109 secum
284 2067 494 2112 referant.
557 2069 689 2120 Quod
720 2074 773 2113 ut
802 2070 956 2127 perfici
987 2070 1140 2127 possit,
1173 2070 1412 2126 oportebit,
1446 2069 1654 2111 omnibus
1673 2068 1807 2110 victis

113 2138 461 2195 impedimentis,
508 2142 666 2183 Patres
713 2157 739 2184 a
783 2142 844 2187 R?
877 2141 938 2186 V‘i
980 2140 1239 2197 designatos
1289 2141 1390 2184 aliis
1438 2139 1808 2197 occupationibus

114 2209 327 2266 expediri,
359 2214 411 2252 ut
443 2211 492 2254 in
521 2211 640 2255 hanc
670 2228 808 2255 unam
841 2212 1162 2268 cogitationem
1193 2212 1505 2255 incumbentes
1537 2211 1735 2267 quinque
1762 2225 1808 2253 v.

113 2296 191 2323 sex
230 2281 286 2323 ad
325 2297 548 2325 summum
587 2284 816 2327 mensibus
858 2299 1091 2326 censuram
1130 2284 1248 2326 hanc
1287 2298 1412 2325 suam
1453 2282 1582 2324 finire
1620 2282 1806 2338 possint,

115 2353 328 2408 quoniam
361 2354 532 2410 alioqui
563 2370 655 2397 non
687 2356 795 2397 satis
826 2355 962 2412 spatii
994 2359 1241 2412 superesset
1282 2355 1338 2396 ad
1380 2369 1478 2396 eam
1520 2368 1546 2395 a
1581 2353 1713 2395 nobis
1743 2367 1809 2394 re-

115 2424 470 2479 cognoscendam
502 2429 546 2467 et
577 2426 634 2469 ad
664 2441 757 2468 rem
792 2427 956 2469 ultima
993 2427 1104 2469 lima
1140 2425 1458 2483 perficiendam
1499 2428 1605 2467 ante
1644 2425 1809 2466 Procu-

115 2498 316 2536 ratorum
349 2494 607 2551 adventum,
641 2497 719 2552 qui
751 2497 925 2553 deinde,
956 2501 1008 2539 ut
1037 2498 1099 2542 Re
1118 2497 1178 2540 Va.
1212 2496 1356 2551 novit,
1393 2500 1463 2538 tot
1500 2494 1654 2537 afferre
1696 2493 1809 2536 solet

117 2565 445 2621 occupationeS,
483 2571 536 2608 ut
572 2567 673 2610 aliis
710 2568 843 2611 rebus
880 2569 1058 2611 nullum
1101 2567 1329 2623 relinquat
1372 2570 1564 2624 tempuS.
1632 2564 1807 2607 Deinde

115 2634 230 2677 illud
259 2639 414 2690 restat,
446 2642 499 2679 ut
528 2638 605 2682 R³t³
625 2639 701 2684 Vffe
736 2654 839 2681 cum
871 2654 935 2694 ea,
969 2654 1104 2695 quam
1134 2653 1204 2680 res
1234 2638 1450 2695 postulat,
1483 2637 1679 2680 efficacia
1709 2640 1808 2679 tum

118 2706 303 2748 celerem
336 2722 387 2749 ac
418 2707 685 2763 diligentem
722 2709 854 2766 hujus
892 2710 1069 2766 negotii
1109 2709 1439 2767 expeditionem
1487 2707 1806 2760 commendem,

116 2780 216 2818 tum
247 2777 385 2819 etiam
415 2793 635 2835 moneam,
669 2784 721 2822 ut
752 2796 956 2838 expresse
987 2781 1079 2823 suis
1110 2780 1308 2835 mandet,
1340 2795 1396 2822 ne
1417 2779 1502 2822 ulli
1523 2783 1707 2821 externo
1730 2777 1806 2819 ho-

117 2846 232 2889 mini
281 2851 528 2891 tractatum
577 2849 699 2892 hunc
757 2851 1015 2906 ostendant;
1078 2851 1307 2907 quoniam,
1359 2855 1411 2893 ut
1457 2850 1647 2903 videbit,
1705 2862 1806 2890 cum

117 2922 374 2960 nostrorum
406 2923 586 2963 tantum
617 2922 767 2977 gratia
805 2922 999 2978 scriptus
1038 2922 1112 2976 sit,
1150 2922 1295 2964 multa
1335 2921 1383 2963 in
1425 2935 1476 2963 eo
1513 2918 1807 2977 particularia

119 2988 422 3044 continentur,
454 3005 568 3046 quae
585 3006 679 3034 non
699 2992 916 3035 convenit
935 3008 1037 3035 cum
1059 2992 1256 3035 externis
1276 2991 1613 3034 communicari.
1677 2989 1806 3031 Gom-

118 3059 280 3102 mendo
329 3075 400 3103 me
448 3061 524 3114 R‘?
550 3062 627 3108 V⁸.⁰
665 3066 709 3104 et
767 3062 968 3109 omnium
1027 3066 1282 3112 nostrorum
1341 3063 1507 3110 sanctis
1564 3058 1805 3105 sacrificiis.
