2153 3467
189 582 206 602 Α
216 583 362 610 pin-ratus.

384 213 470 256 372
564 222 674 258 Ratio
702 222 904 257 studiorum
933 227 971 258 et
996 221 1252 259 institutiones
1279 222 1521 259 scholasticae
1547 221 1743 259 Societatis
1766 222 1858 260 Jesu
1882 222 1921 259 II

379 341 573 382 fideliter
596 341 838 397 excipiant,
872 341 1198 396 absolvantque
1223 339 1375 382 omnia
1395 340 1516 382 intra
1537 340 1674 382 finem
1696 341 1973 396 scholarum3
2005 358 2112 386 nam

378 418 480 469 post
512 412 735 454 indictum
768 412 1000 455 silentium
1032 412 1204 454 nemini
1237 425 1338 452 cum
1371 411 1484 466 aliis,
1516 426 1572 452 ne
1605 426 1707 453 cum
1741 413 1977 455 Praefecto
2011 413 2106 469 qui-

379 484 480 525 dein
506 487 614 540 ipso,
637 483 732 526 sive
754 498 856 526 cum
880 497 944 538 eo,
967 498 1100 538 quem
1117 483 1212 539 ipse
1235 481 1321 523 sibi
1341 482 1642 537 substituerit,
1665 483 1791 538 loqui
1807 483 1984 526 licitum
2003 484 2111 526 fore.

528 580 571 623 33.
635 578 862 620 Accedere
912 580 1087 635 oportet
1134 577 1380 617 instructos
1423 575 1552 617 libris
1597 577 1842 633 ceterisque
1887 578 2019 621 rebus
2059 578 2115 619 ad

383 649 669 691 scribendum
701 649 977 703 necessariis,
1009 663 1065 689 ne
1098 648 1154 689 ab
1187 647 1281 689 ullo
1314 645 1562 702 quidquam
1595 651 1744 703 petere
1774 649 1894 691 inter
1922 649 2116 690 scriben-

384 720 490 761 dum
522 734 702 761 necesse
733 720 804 761 sit.

530 791 574 836 4.
638 791 857 847 Apposite
905 789 963 831 ad
1008 787 1359 845 uniuscujusque
1407 788 1560 830 classis
1601 789 1793 845 gradum
1831 789 2115 846 dilucideque

385 862 684 917 scribendum,
719 866 763 902 et
796 876 849 902 ex
871 860 1087 902 thematis
1109 860 1260 903 verbis
1282 859 1516 915 modisque
1538 859 1837 916 praescriptis,
1886 861 2116 916 Ambigue

383 934 551 990 scripta
584 934 628 974 in
665 932 933 974 deteriorem
965 935 1140 987 partem
1172 936 1406 988 acceptum
1438 931 1507 985 iri,
1540 931 1679 974 verba
1702 931 1838 973 etiam
1861 933 2025 974 omissa
2043 934 2116 976 vel

385 1010 550 1046 temere
582 1005 822 1045 immutata
856 1002 1139 1044 difficultatis
1170 1003 1411 1044 evitandae
1443 1016 1577 1044 causa
1607 1016 1688 1058 pro
1721 1002 1881 1045 erratis
1912 1004 2021 1046 fore.

533 1087 553 1098 .-

529 1102 573 1131 ι).
628 1085 892 1128 Cavendum
914 1100 938 1126 a
956 1085 1305 1128 consessoribus:
1324 1101 1431 1127 nam
1449 1085 1486 1127 si
1503 1085 1617 1127 duae
1633 1085 1750 1128 forte
1773 1086 2118 1143 compositiones

384 1159 416 1199 si
426 1158 551 1199 miles
584 1172 634 1198 ac
654 1156 861 1211 geminae
892 1156 1188 1213 reperiantur,
1221 1161 1459 1212 utramque
1481 1156 1691 1199 habitum
1720 1156 1776 1198 iri
1795 1172 1875 1214 pro
1898 1162 2116 1215 suspecta,

198 1954 311 1969 ιιιιιιιιιιι

383 1245 497 1283 cuin,
529 1234 630 1270 uter
661 1228 719 1269 ab
751 1231 854 1269 utro
886 1227 1062 1270 furatus
1093 1228 1165 1283 sit,
1199 1229 1484 1285 exploratum
1515 1243 1608 1269 esse
1640 1242 1732 1270 non
1762 1229 1917 1286 possit.

523 1324 568 1369 (3.
631 1323 706 1365 Ad
737 1321 918 1364 fraudes
951 1323 1208 1377 evitandaS,
1251 1323 1289 1364 si
1330 1323 1403 1365 cui
1443 1323 1558 1364 forte
1595 1327 1868 1380 potestatem
1908 1323 2116 1377 exeundi,

383 1401 623 1452 postquam
656 1394 790 1435 scribi
824 1398 1033 1450 coeptum
1065 1394 1136 1449 sit,
1170 1394 1274 1436 dare
1305 1394 1547 1435 necessitas
1566 1399 1714 1449 cogat,
1747 1395 1784 1436 is
1816 1399 1861 1436 et
1880 1409 2118 1450 argumen-

382 1472 475 1508 tum
511 1466 769 1522 scriptionis
803 1470 848 1507 et
879 1465 1101 1521 quidquid
1140 1465 1370 1522 scripserit
1403 1465 1523 1522 apud
1555 1465 1842 1508 Praefectum
1874 1465 2117 1523 relinquat,

385 1539 479 1581 sive
513 1537 635 1594 apud
658 1552 773 1591 eum,
806 1536 883 1592 qui
915 1541 1014 1578 tum
1047 1536 1225 1579 scholae
1258 1541 1445 1594 praeest.

528 1610 565 1655 7.
629 1607 967 1664 Compositione
1000 1607 1207 1650 absoluta
1238 1621 1318 1649 suo
1350 1607 1539 1663 quisque
1570 1607 1669 1649 loco
1701 1622 1814 1664 quae
1845 1609 2024 1665 scripsit
2054 1608 2120 1650 di-

382 1682 576 1735 ligenter
606 1680 789 1733 recolat,
823 1678 1028 1733 castiget,
1063 1679 1262 1735 expoliat
1283 1682 1507 1734 quantum
1530 1678 1662 1733 velit3
1695 1694 1815 1734 nam,
1848 1679 2118 1735 simulatque

382 1751 646 1808 compositio
679 1749 847 1792 tradita
868 1749 1104 1792 Praefecto
1136 1750 1207 1804 sit,
1241 1750 1279 1792 si
1310 1750 1419 1806 quid
1442 1749 1604 1792 deinde
1626 1755 1873 1792 correctum
1898 1754 2117 1807 oporteat,

384 1823 738 1879 haudquaquam
769 1821 995 1863 redditum
1027 1821 1096 1863 iri.

528 1906 572 1951 S.
635 1906 744 1947 Rite
776 1904 1105 1961 complicanda,
1138 1908 1190 1946 ut
1221 1903 1483 1946 Praefectus
1510 1903 1718 1960 jusserit,
1763 1918 1843 1946 sua
1874 1904 2117 1960 unicuique

386 1978 650 2034 compositio
683 1981 816 2032 atque
847 1977 896 2018 in
927 1980 1058 2031 tergo
1090 1990 1253 2017 nomen
1273 1979 1453 2017 tantum
1475 1975 1703 2033 scriptoris
1726 1990 1827 2017 cum
1850 1975 2117 2030 cognomine

383 2049 521 2092 latine
553 2048 915 2101 adscribendum,
947 2062 1036 2103 quo
1066 2046 1244 2089 facilius
1276 2046 1621 2103 compositiones
1642 2047 1844 2088 omnium
1877 2046 1924 2088 in
1958 2046 2117 2104 alpha-

385 2121 490 2175 beti,
525 2121 562 2161 si
594 2120 748 2173 libeat,
783 2119 986 2161 ordinem
1017 2118 1163 2174 redigi
1194 2118 1380 2175 possint.

529 2192 574 2234 9.
638 2192 752 2233 Cum
785 2205 910 2232 suam
943 2189 1133 2245 quisque
1165 2188 1537 2246 compositionem
1569 2188 1825 2231 redditurus
1857 2187 2029 2230 accedit
2060 2187 2117 2229 ad

385 2264 684 2316 Praefectum,
717 2276 868 2303 secum
900 2275 1001 2303 suos
1029 2260 1197 2302 habeat
1218 2260 1370 2315 libros,
1403 2265 1468 2315 ut,
1500 2275 1551 2302 ea
1580 2259 1763 2314 tradita,
1797 2259 1953 2302 statim
1985 2258 2118 2300 silen-

384 2334 447 2374 tio
471 2338 599 2375 exeat
622 2348 643 2373 e
664 2332 838 2386 schola3
872 2331 1037 2374 caeteri
1057 2345 1178 2386 VerO,
1202 2330 1303 2372 aliis
1322 2330 1670 2386 discedentibus,
1690 2331 1790 2373 loca
1810 2344 1902 2372 non
1923 2333 2116 2383 mutent,

384 2405 461 2446 sed
493 2404 863 2461 compositionem
896 2418 983 2458 quo
1017 2402 1246 2461 coeperint
1277 2403 1373 2444 loco
1406 2401 1680 2459 perficiant.1

527 2487 600 2533 10.
665 2487 713 2529 Si
746 2487 846 2542 quis
877 2492 1077 2543 tempore
1108 2487 1165 2529 ad
1185 2486 1472 2528 scribendum
1495 2485 1717 2527 attributo
1739 2498 1831 2527 non
1854 2483 2116 2538 absolverit,

384 2574 481 2600 eain
515 2559 657 2615 ipsam
689 2563 876 2615 partem,
910 2572 1044 2614 quam
1077 2557 1318 2615 scripserit,
1350 2556 1512 2601 tradet.
1561 2556 1734 2598 Idcirco
1754 2555 1891 2612 probe
1913 2554 2114 2610 intelligi

385 2631 442 2670 ab
461 2630 669 2671 omnibus
691 2629 931 2685 oportebit,
965 2634 1186 2684 quantum
1207 2629 1420 2685 temporis
1439 2627 1495 2669 ad
1517 2627 1802 2669 scribendum
1824 2626 2115 2680 concedatur,

386 2705 604 2756 quantum
639 2701 694 2742 ad
727 2700 1069 2742 describendum
1102 2704 1146 2741 et
1177 2699 1601 2754 recognoscendum.

532 2772 598 2817 ll.
662 2770 868 2827 Denique
901 2787 1001 2813 cum
1035 2771 1091 2813 ad
1124 2785 1310 2813 examen
1344 2770 1575 2823 accedunt,
1607 2769 1758 2823 libros,
1791 2768 1868 2824 qui
1900 2767 2115 2824 explicati

386 2842 476 2883 sint
508 2856 558 2882 eo
591 2856 723 2896 anno,
757 2843 809 2884 ‹le
843 2843 1006 2898 quibus
1038 2841 1346 2895 interrogandi
1381 2846 1497 2895 sunt,
1531 2840 1737 2894 asserant3
1772 2839 1966 2894 dumque
1997 2853 2114 2880 unus

386 2915 704 2967 interrogatur,
730 2913 906 2968 caeteri,
929 2913 1004 2969 qui
1027 2913 1205 2965 adsunt,
1239 2912 1482 2967 diligenter
1509 2912 1762 2963 attendant,
1793 2924 1949 2952 verum
1971 2923 2114 2964 neque

385 2989 590 3026 annuant
621 2984 735 3037 aliis,
766 2999 908 3039 neque.
942 2984 1171 3038 corrigant
1202 2983 1289 3023 nisi
1322 2983 1482 3037 rogati.

531 3128 541 3145 ¹
569 3138 612 3162 m.
642 3126 886 3170 „perfiuienrx-
