2084 3441
307 151 364 198 30
499 160 608 199 Ratio
634 164 835 200 studiorum
863 174 901 200 et
927 163 1180 202 institutiones
1206 150 1453 202 scholasticae
1479 164 1672 204 Societatis
1697 165 1786 205 Jesu
1810 168 1849 205 11

305 286 354 326 in
405 285 659 328 excolendis
710 286 905 342 ingenijs
956 286 1347 342 gubernandisque
1407 286 1687 328 scholasticis
1734 287 1995 329 muneribus

307 362 457 398 tenere
490 372 540 398 ac
572 357 710 413 sequi.

448 428 689 471 Confectus
721 428 902 470 tandem
934 433 1000 470 est
1030 432 1249 470 tractatus
1282 427 1460 484 dupleX,
1492 443 1608 471 vnus
1631 429 1683 470 de
1707 429 1996 485 opinionibus

304 499 557 555 seligendis,
598 500 712 541 alter
752 499 804 541 de
837 499 1090 540 scholarum
1131 498 1536 542 administratione.
1598 499 1798 555 Vterque
1835 499 1996 541 deinde

303 571 385 612 sub
416 570 626 612 incudem
656 574 892 611 reuocatus
922 570 1201 624 relectusque
1233 569 1440 610 omnibus
1464 569 1750 611 audientibus
1782 574 1826 611 et
1849 584 1996 611 emen-

303 641 448 694 datus,
499 641 685 682 tandem
730 641 866 682 etiam
914 639 1241 696 subscriptione
1283 639 1566 696 singulorum
1606 640 1812 682 firmatus
1858 641 1994 696 inque

303 712 492 767 Collegij
527 712 723 753 Romani
755 711 1087 765 Theologorum
1125 725 1285 752 manus
1325 711 1449 752 iussu
1486 711 1540 752 R.
1571 711 1621 755 P.
1651 711 1806 753 Nostri
1846 712 1993 753 Gene-

302 783 408 824 ralis
453 783 646 824 traditus
687 787 764 836 est,
812 786 863 823 vt
904 782 959 823 ab
1000 781 1108 838 ipsis
1147 781 1358 838 primum,
1406 797 1431 823 a
1477 781 1662 837 reliquis
1709 781 1869 824 deinde
1915 796 1994 838 per

274 854 560 896 .vniuersa1n
589 855 593 909 Ι
624 854 895 895 Societatem
915 852 1159 908 prouinciis
1191 852 1527 909 expenderetur.
1597 853 1747 908 Atque
1777 853 1851 895 hic
1876 853 1991 895 Con-

301 924 579 979 gregationis
627 924 679 966 de
726 923 887 979 studijs
932 923 1115 965 habitae
1155 928 1250 965 tam
1294 938 1460 976 cursus,
1510 939 1645 979 quam
1692 924 1839 966 exitus
1880 924 1990 978 fuit-‚3

301 1010 418 1037 anno
451 1000 652 1037 vertente
684 995 876 1050 denique
905 995 986 1036 sub
1018 994 1154 1036 finem
1175 994 1339 1036 mensis
1359 995 1573 1050 Augusti,
1608 1010 1710 1036 cum
1730 994 1992 1037 Decembris

299 1066 429 1107 initio
464 1066 694 1122 coepisset,
729 1072 975 1107 conuentus
1008 1070 1075 1106 est
1095 1066 1280 1108 solutus.
1342 1066 1476 1107 Pater
1498 1065 1767 1122 Stephanus,
1799 1067 1849 1108 P.
1873 1066 1993 1108 Azor

299 1141 342 1178 et
373 1137 423 1178 P.
456 1137 678 1179 Gonzales
710 1137 758 1178 in
789 1136 912 1179 Vrbe
952 1136 1114 1191 relicti,
1153 1140 1218 1191 Vt,
1258 1137 1400 1179 sicubi
1443 1137 1782 1190 desideraretur,
1822 1151 1989 1190 eorum,

299 1222 411 1263 quae
449 1208 699 1250 constituta
738 1213 857 1262 sunt,
905 1207 1326 1264 interpretationem
1357 1208 1429 1250 vel
1473 1208 1696 1250 rationem
1738 1207 1989 1249 redderent.

299 1279 474 1320 Caeteri
512 1279 696 1321 domum
736 1280 924 1334 quisque
963 1279 1020 1320 ad
1059 1283 1273 1321 consueta
1312 1279 1467 1321 munia
1505 1278 1684 1320 rediere.
1754 1278 1853 1320 Iam
1883 1292 1988 1320 vero

297 1350 502 1405 quamuis
535 1350 870 1406 optatissimum
911 1354 1025 1392 esset
1055 1350 1321 1392 Reuerendo
1354 1350 1481 1392 Patri
1514 1350 1726 1392 Generali
1766 1349 1883 1391 hanc
1923 1354 1990 1391 to-

295 1425 389 1462 tam
432 1436 525 1462 rem
567 1435 834 1477 cognoscere
878 1422 1224 1478 quamprimum,
1281 1426 1325 1463 et
1362 1437 1442 1478 per
1482 1421 1740 1478 prouincias
1780 1435 1988 1477 spargere

293 1492 718 1547 recognoscendam3
752 1497 905 1534 tamen
936 1492 1180 1549 impeditus
1211 1494 1407 1550 primum
1438 1497 1617 1550 patrum
1649 1496 1988 1549 procuratorum

294 1567 338 1603 et
371 1564 720 1619 congregatione
754 1568 798 1605 et
829 1564 1027 1619 negotiis
1066 1564 1373 1620 expediendis:
1415 1564 1577 1606 deinde
1617 1563 1817 1606 aduentu
1847 1564 1987 1619 Japo-

292 1634 471 1676 niorum
512 1634 788 1690 Principum,
835 1650 1051 1691 moraque
1092 1635 1307 1677 diuturna
1344 1636 1392 1677 in
1424 1635 1547 1678 Vrbe
1589 1639 1771 1692 propter
1812 1634 1987 1676 obitum

294 1706 503 1761 Gregorii
565 1705 734 1747 Pontif.
783 1706 994 1748 Maximi:
1056 1710 1155 1748 tum
1217 1706 1494 1762 quotidianis
1557 1706 1674 1748 curis
1734 1704 1986 1760 litterisque

292 1779 648 1834 Prouinciarum,
681 1794 774 1821 non
804 1778 954 1836 potuit
986 1782 1089 1819 ante
1122 1778 1293 1819 exitum
1324 1793 1436 1834 pene
1468 1777 1593 1819 Anni
1628 1778 1740 1820 1585
1783 1775 1984 1818 animum

292 1849 504 1891 adhibere
537 1865 639 1891 cum
670 1854 862 1905 quatuor
894 1848 1222 1890 Assistentibus
1255 1848 1312 1890 ad
1343 1863 1394 1890 ea
1411 1848 1694 1905 perlegenda,
1728 1862 1840 1904 quae
1863 1863 1888 1889 a
1908 1861 1986 1888 sex

291 1920 505 1963 Patribus
537 1920 778 1978 Deputatis
810 1924 853 1962 et
885 1935 910 1962 a
944 1919 1141 1961 Romani
1163 1919 1351 1975 Collegij
1376 1919 1648 1962 Doctoribus
1670 1923 1768 1961 acta
1788 1917 1982 1960 fuerant.

290 1992 421 2034 Nunc
444 1992 626 2034 tandem
657 1992 790 2034 rebus
823 1991 1031 2033 omnibus
1062 1990 1317 2048 perspectis,
1351 1995 1394 2032 et
1425 1990 1493 2046 ijs,
1526 2005 1639 2046 quae
1671 1989 1858 2045 Collegij
1892 1989 1984 2031 Ro-

290 2063 412 2104 mani
444 2064 599 2105 Patres
632 2063 939 2117 obseruarant,
971 2076 1048 2119 per
1079 2077 1154 2104 sex
1185 2063 1342 2104 Patres
1363 2062 1616 2119 Deputatos
1638 2060 1896 2116 recognitiS,
1934 2059 1982 2102 id

291 2133 411 2189 quod
449 2134 678 2191 perpensis
710 2134 943 2190 vtriusque
975 2133 1116 2191 partis
1149 2133 1521 2176 annotationibus
1560 2133 1853 2189 compilatum
1898 2136 1978 2187 est,

289 2205 337 2245 in
375 2220 549 2247 omnem
586 2206 855 2248 Societatem
893 2204 1216 2247 dimittendum
1247 2204 1442 2262 putauit,
1490 2209 1554 2259 ut,
1603 2204 1723 2260 quod
1768 2203 1818 2245 in
1858 2218 1977 2246 com-

290 2289 468 2318 munem
502 2281 786 2334 comparatur
817 2291 963 2331 vsum,
997 2276 1226 2318 communi
1247 2291 1423 2332 quoque
1451 2275 1619 2318 iudicio
1648 2275 1977 2332 comprobetur.

1232 2348 1353 2390 Laus
1385 2348 1496 2403 Deo,
1528 2348 1591 2389 Et
1621 2347 1674 2391 B.
1697 2346 1752 2391 V.
1774 2346 1833 2388 M.

1041 2637 1132 2684 ΝΥ,
1166 2642 1207 2685 5.

740 2731 818 2796 De
865 2731 1229 2813 opinionum
1274 2730 1520 2799 Delectu

707 2828 774 2892 in
830 2829 1184 2910 Theologica
1237 2830 1546 2894 facultate.

424 2980 681 3023 Admodum
713 2982 1004 3026 Reuerendus
1036 2985 1173 3027 Pater
1204 2985 1437 3028 Generalis
1477 3000 1553 3028 sex
1597 2985 1814 3044 patribus,
1860 3000 1972 3042 quos

284 3052 341 3095 ad
389 3067 565 3095 omnem
612 3053 862 3096 studiorum
918 3055 1138 3097 rationem
1193 3057 1305 3099 bene
1354 3058 1684 3100 instituendam
1731 3058 1971 3115 delegerat,
