2143 3462
379 186 471 234 222
578 198 688 236 Ratio
712 198 917 237 studim-um
945 205 982 236 et
1008 197 1267 237 institutiones
1295 197 1543 237 scholasticae
1570 198 1766 237 Societatis
1792 198 1881 238 Jesu
1906 198 1944 236 Π

682 323 1038 379 (Propositaz)

439 705 508 746 39.
542 703 644 745 Non
664 703 877 745 convenit
905 702 1038 758 hujus
1062 702 1226 744 Classis
1248 704 1340 745 Au-
1360 708 1361 711 ’

379 773 622 828 ditoribus,
662 774 780 815 sicut
816 788 898 814 nec
931 777 1000 817 32.
1034 774 1253 815 secundae
1285 774 1338 815 cl.

379 846 601 886 Gramm.:
620 858 725 885 nam
746 843 905 885 harum
923 844 965 885 A
1001 844 1167 885 ditores
1187 859 1341 886 versus

378 915 569 957 scribere
600 915 827 967 nesciunt3
861 919 906 955 et
941 859 1029 956 apia
1051 915 1269 969 quaedam
1294 915 1341 956 in

378 987 449 1028 his
481 986 649 1042 regulis
669 991 776 1027 sunt
798 990 981 1041 captum
1003 999 1243 1041 puerorum
1267 1000 1338 1027 su-

378 1057 596 1114 perantia.
1361 1048 1363 1051 ’

377 1167 429 1215 In
469 1166 680 1229 Regulas
720 1165 972 1214 Secundae
1014 1166 1083 1215 Cl.
1126 1166 1337 1215 Gramm.

435 1251 504 1291 47.
540 1247 800 1289 Certamina
852 1246 1062 1289 classium
1114 1247 1234 1288 inter
1281 1262 1341 1301 se,

376 1319 482 1374 quia
490 1318 929 1360 multaincommoda
937 1317 1120 1372 habent,
1131 1318 1343 1360 videntur

375 1389 776 1446 praetermittenda
820 1393 899 1430 aut
944 1389 1168 1431 rarissime
1214 1405 1340 1431 usur-

375 1461 537 1517 panda.

478 1653 529 1701 Iu
568 1653 780 1715 Regulas
819 1653 1148 1701 Humanitatis
1189 1658 1236 1702 et

704 1725 1010 1774 Rhetoricae.

437 1809 475 1849 1.
507 1806 575 1847 Ne
622 1805 797 1848 Rhetor
841 1806 1078 1862 obruatur,
1127 1806 1340 1849 Videntur

375 1877 724 1919 declamationes
756 1878 956 1934 poeticae
989 1882 1242 1919 menstruae
1273 1893 1338 1919 re-

375 1948 645 2004 linquendae
678 1949 920 1991 Professori
954 1949 1276 1992 Humanitatis,

435 2105 474 2146 2.
507 2103 562 2144 In
596 2103 840 2145 Rhetorica
871 2103 1082 2145 Videntur
1114 2104 1170 2145 ab
1196 2103 1337 2146 Audi-

374 2174 550 2215 toribus
566 2174 799 2216 recitanda
811 2180 1049 2231 praecepta
1058 2174 1333 2229 Rhetoriees,

374 2259 565 2299 quorum
597 2245 724 2287 nulla
756 2245 937 2288 mentio.

436 2391 504 2430 24.
538 2388 758 2430 Rhetores
789 2394 1010 2430 vocantur
1041 2389 1181 2444 pueri.

1569 325 1908 381 (Responsat)

1380 423 1528 475 potest
1544 419 1653 474 fieri,
1670 425 1722 463 ut
1735 422 2090 464 extraordinarie

1381 490 1624 546 aliquando
1647 497 1932 548 exponantur
1947 494 2089 550 aliqui

1381 562 1652 605 Confessarii
1686 563 1742 605 ad
1766 564 2090 621 discipulorum

1381 633 1680 676 confessiones
1713 635 1970 678 audiendas.

1441 705 1522 746 Ad
1563 708 1632 749 39.
1673 707 1728 748 R.
1801 707 2091 763 corrigentur

1382 791 1447 829 ea,
1480 792 1593 832 quae
1625 782 1851 819 vetantur.

1440 1253 1519 1295 Ad
1534 1254 1675 1297 47.R.
1704 1253 1779 1295 Ad
1794 1253 1996 1296 tollenda
2009 1253 2091 1296 hu-

1375 1324 1575 1380 jusmodi
1608 1325 1992 1367 concertationum
2024 1326 2091 1367 in-

1382 1397 1617 1438 commoda
1648 1396 1957 1439 moderabitur
1981 1401 2090 1438 tem-

1381 1483 1478 1524 pus.
1542 1468 1704 1522 Itaque
1752 1469 2044 1524 experiantur
2060 1470 2087 1522 ¹,

1379 1539 1604 1595 quomodo
1666 1539 1875 1581 succedat
1925 1545 1993 1582 ter
2043 1555 2086 1583 v.

1379 1615 1537 1666 quater
1567 1611 1615 1652 in
1647 1625 1778 1652 anno.

1438 1813 1517 1855 Ad
1554 1818 1590 1857 1.
1639 1814 1693 1856 R.
1757 1815 1860 1857 Non
1907 1814 2088 1857 Videtur

1381 1885 1463 1927 hoc
1495 1886 1710 1942 praestari
1743 1901 1870 1942 posse
1902 1887 1959 1928 ab
1990 1887 2087 1928 Hu-

1379 1958 1598 1999 manistis.
1645 1972 1781 2013 quare
1811 1957 2087 1999 Rhetoribus

1377 2030 1735 2085 relinquendum.

1438 2102 1516 2143 Ad
1547 2106 1585 2146 2.
1610 2102 1664 2143 R.
1714 2102 1769 2142 In
1791 2101 1942 2142 Classe
1965 2100 2086 2142 Rhe-

1377 2173 1519 2215 torica
1556 2189 1647 2214 nou
1682 2177 1748 2214 est
1779 2172 1861 2213 hoc
1893 2186 2085 2237 necesse,

1379 2260 1478 2286 cum
1519 2245 1578 2285 sit
1623 2245 1797 2286 factum
1846 2245 1893 2285 iu
1935 2244 2084 2285 Classe

1377 2315 1705 2357 Humanitatis.

1436 2387 1514 2429 Ad
1548 2390 1616 2431 24.
1681 2386 1953 2442 Corrigetur.

1355 2438 1572 2512 Mandato
1584 2470 1640 2511 R.
1652 2471 1701 2511 P.
1715 2471 1770 2512 N.
1784 2469 2024 2512 Generalis

523 2674 533 2691 ¹
561 2674 709 2708 Docum.
736 2679 850 2709 nostr.
880 2675 1152 2718 „experiatur“.

1178 2880 1276 2979 ἶ(

1447 2541 1477 2583 J
1482 2541 1649 2583 acobus
1682 2541 1961 2583 Dominicus.

1603 2613 1808 2668 (Secret.)
