2143 3462
363 214 448 254 114
537 222 647 257 Ratio
675 222 875 257 studim-mn
903 227 939 257 et
965 221 1220 257 institutiones
1246 220 1487 256 scholasticae
1513 219 1709 255 Societatis
1734 219 1824 257 Jesu
1849 221 1887 255 ΙΙ

356 341 546 382 miarum
596 341 857 396 priuilegia:
907 345 958 382 vt
990 339 1157 394 vbique
1188 339 1381 380 Divinas
1415 339 1671 395 Scripturas
1704 338 2050 380 Scholasticam-

356 427 440 466 que
487 411 795 467 Theologiam.
846 412 917 453 vel
965 409 1306 465 Philosophiam
1355 410 1510 451 docere
1553 409 1695 466 possis
1742 409 1934 465 publice.
1997 409 2053 450 In

354 482 488 523 liuius
521 497 628 524 vero
660 482 843 523 honoris
884 487 927 522 et
974 481 1140 536 gradus
1186 485 1529 522 monumentum
1578 495 1629 521 ac
1675 479 1841 535 pignus
1883 479 2054 535 pileum

356 553 494 610 capiti
529 558 607 594 tuo
641 554 838 608 impono,
872 557 915 592 et
946 552 1031 592 hoc
1064 556 1401 593 sacrosanctum
1432 551 1645 593 volumen
1678 550 1948 604 Bibliorum,
1979 549 2054 592 Vel

356 624 614 666 Aristotelis
646 624 693 665 in
741 639 900 664 manus
948 627 1050 663 tuas
1096 622 1245 664 trado:
1298 622 1585 677 digitumque
1633 620 1825 676 denique
1872 621 2054 676 annulo,

355 696 628 737 Doctoratus
676 694 843 750 insigni
892 698 1013 746 nota,
1063 693 1295 735 circundo:
1348 693 1395 735 id
1443 693 1563 748 quod
1602 692 1650 733 in
1685 692 1853 734 Christi
1894 691 2055 747 optimi

356 767 539 808 maximi
576 765 767 818 gloriam
800 764 1113 819 Ecclesiaeque
1145 764 1393 806 utilitatem
1427 764 1570 817 cedat,
1608 763 1664 804 In
1695 762 1878 804 nomine
1909 762 2056 803 Patris

356 843 400 879 et
432 837 539 879 Filii
574 842 617 878 et
650 836 847 892 Spiritus
871 835 1069 877 Sancti.“
1110 862 1159 865 *—
1195 836 1311 877 Tum
1344 838 1574 892 promotor
1606 849 1777 875 nouum
1809 833 2054 875 Doctorem

357 909 669 964 amplectatur,
718 907 789 948 vel
836 921 1021 948 manum
1069 910 1232 961 tangat
1278 922 1357 963 pro
1403 921 1525 948 more
1572 904 1757 962 patriae,
1810 909 1857 946 et
1894 903 2057 959 reliqui

357 980 563 1034 deinceps
584 979 813 1032 Doctores,
849 992 959 1033 quos
991 978 1111 1018 inter
1144 978 1249 1019 dum
1283 981 1515 1034 promotus
1548 976 1762 1030 considet,
1796 981 1841 1017 et
1872 975 2057 1017 honoris

357 1055 400 1090 et
441 1048 688 1090 hilaritatis
731 1048 879 1103 gratia
918 1048 1140 1090 musicum
1182 1049 1354 1105 aliquid
1386 1049 1719 1104 interponatur,
1761 1047 1961 1090 breviter
1992 1049 2058 1088 ta-

358 1135 456 1161 men
490 1123 534 1160 et
567 1118 780 1159 modeste.

499 1193 537 1233 9.
572 1189 863 1231 Promotione
894 1195 1073 1246 peracta
1104 1206 1222 1233 vnus
1255 1190 1418 1246 aliquis
1457 1190 1512 1232 ab
1561 1190 1658 1247 ipso
1707 1189 1950 1232 candidato
1999 1190 2058 1232 ad

357 1263 404 1303 id
437 1262 661 1303 inuitatus
695 1262 897 1303 oratione
928 1261 1196 1302 breuissima
1226 1276 1395 1302 nouum
1419 1262 1662 1303 Doctorem
1694 1261 1751 1303 ad
1782 1277 1880 1303 eam
1912 1261 2059 1318 digni-

358 1338 499 1375 tatem
532 1348 707 1374 morum
741 1333 968 1387 grauitate
1000 1336 1044 1373 et
1076 1332 1254 1374 assiduo
1285 1331 1438 1374 labore
1471 1348 1522 1374 ac
1554 1332 1704 1375 studio
1737 1332 1953 1374 tuendam
1985 1347 2057 1375 co-

357 1403 578 1444 hortetur.
632 1403 788 1444 Nouus
820 1408 976 1459 postea
999 1404 1170 1445 Doctor
1202 1418 1255 1444 ex
1279 1403 1502 1445 Cathedra
1533 1408 1753 1459 tanquam
1786 1404 2061 1446 Doctoratus

357 1474 681 1531 possessionem
729 1474 947 1529 aditurus,
999 1475 1195 1530 aliquem
1235 1473 1417 1516 divinae
1450 1474 1708 1531 Scripturae
1740 1475 1890 1517 locum
1921 1475 2060 1517 inter-

358 1551 558 1603 pretetur
589 1546 864 1601 breuissime,
899 1561 1087 1602 eamque
1117 1545 1538 1602 interpretationem
1561 1546 1742 1588 claudat
1761 1546 2059 1601 oratiuncula,

361 1632 447 1673 qua
481 1617 576 1658 Deo
609 1616 818 1673 primuni,
867 1616 1027 1658 deinde
1058 1617 1330 1659 Doctoribus
1369 1617 1461 1659 suis
1501 1632 1551 1659 ac
1589 1617 1845 1660 Promotori
1889 1617 2062 1674 gratias

360 1693 479 1743 agat.
545 1687 747 1729 Tandem
786 1688 904 1730 inter
946 1688 1280 1744 gratulantium
1321 1702 1529 1730 occursus
1561 1703 1613 1730 ac
1645 1703 1789 1743 voces,
1823 1693 1867 1730 et
1897 1688 2063 1730 instru-

360 1763 512 1801 menta
543 1759 832 1814 Musicorum,
865 1759 982 1801 inter
1012 1761 1248 1802 Rectorem
1281 1764 1325 1801 et
1358 1759 1686 1802 Cancellarium
1717 1759 1891 1802 medius
1923 1759 2061 1802 dedu-

364 1835 491 1872 catur
523 1831 570 1872 in
591 1831 823 1887 templum,
855 1831 940 1885 vel,
975 1831 1012 1872 si
1043 1831 1133 1872 iam
1165 1831 1225 1873 sit
1256 1831 1305 1873 in
1324 1831 1508 1888 templo,
1542 1830 1598 1872 ad
1621 1831 1780 1873 Altare
1801 1831 1961 1886 maius,
1982 1831 2062 1874 vbi

365 1902 453 1958 „Te
485 1902 632 1943 Deum
663 1901 928 1943 laudamus“
972 1902 1247 1957 decantetur,
1289 1907 1334 1945 et
1377 1902 1638 1944 dimittatur
1676 1902 1845 1944 concio.
1923 1904 2063 1945 Porro

223 1995 248 2017 ιι.
274 1987 333 2009 151·
358 1988 533 2015 necesse
565 1976 643 2027 est,
677 1977 729 2014 vt
751 1973 1026 2029 promotioni
1049 1973 1308 2015 interfuerit
1338 1973 1503 2029 aliquis
1534 1973 1753 2027 notarius,
1788 1978 1793 2028 1
1821 1973 1917 2015 siue
1949 1974 2062 2015 Aca-

364 2043 533 2085 demiae
567 2043 786 2100 proprius,
821 2043 915 2085 siue
948 2043 1006 2085 ad
1036 2044 1083 2085 id
1116 2049 1244 2086 extra
1276 2044 1479 2086 ordinem
1512 2044 1771 2099 conductus,
1806 2045 1885 2100 qui
1907 2048 2064 2087 auten-

366 2115 505 2156 ticum
538 2114 835 2171 promotionis
867 2114 1226 2157 Instrumentum
1259 2115 1482 2171 conficiat,
1526 2116 1601 2159 vel
1631 2115 1828 2172 publico,
1859 2116 1934 2158 vel
1965 2130 2065 2173 pro-

363 2186 460 2242 prio
494 2185 734 2228 Societatis
767 2185 920 2241 sigillo
952 2186 1262 2229 muniendum.

510 2259 576 2301 10.
610 2257 762 2312 Atque
801 2256 884 2298 hae
924 2257 1105 2312 quidem
1144 2258 1481 2315 promotionum
1525 2257 1800 2299 ceremoniae
1833 2257 1942 2299 satis
1974 2272 2066 2299 esse

366 2328 579 2371 videntur
600 2329 780 2384 vbique,
814 2329 901 2370 nisi
923 2328 1021 2385 ipsa
1042 2328 1310 2371 Academiae
1341 2328 1550 2370 fundatio
1584 2328 1708 2370 aliud
1741 2328 1909 2384 exigat,
1944 2328 2064 2385 quod

367 2399 498 2441 facile
522 2400 691 2441 mutari
714 2415 806 2441 non
827 2400 980 2456 possit,
1013 2400 1256 2442 dummodo
1279 2404 1528 2442 caueantur
1547 2414 1764 2454 excessus,
1797 2400 1951 2456 quales
1972 2414 2065 2441 esse

368 2471 579 2513 videntur
612 2475 709 2512 tum
743 2485 884 2527 cappa
917 2471 1144 2526 Violacea,
1185 2486 1273 2527 qua
1305 2475 1535 2527 promotor
1575 2470 1795 2525 induitur,
1833 2474 1932 2513 tum
1972 2470 2067 2513 chi-

367 2542 590 2597 rothecae,
625 2558 738 2599 quae
772 2543 1046 2585 Doctoribus
1079 2542 1427 2596 distribuuntur,
1459 2546 1556 2583 tum
1589 2541 1812 2597 conuiuia,
1860 2557 1974 2598 quae
2016 2546 2061 2584 et

369 2613 627 2655 huiusmodi
660 2613 748 2655 alia
780 2628 941 2670 parum
974 2612 1251 2656 conueniunt
1292 2628 1393 2655 cum
1427 2612 1841 2655 Constitutionibus
1873 2615 1913 2657 4.
1937 2613 2059 2654 Part.

372 2684 477 2739 Cap.
515 2687 580 2728 15.
615 2685 666 2725 F,

514 2759 580 2798 11.
630 2756 783 2797 Nostri
836 2756 892 2798 ad
944 2755 1257 2811 Magisterium
1308 2754 1381 2797 vel
1435 2754 1720 2797 doctoratum
1772 2754 2066 2812 promouendi

371 2830 531 2878 essent,
565 2840 666 2866 cum
699 2826 873 2867 docturi
905 2831 1012 2867 sunt
1042 2824 1380 2880 Philosophiam
1412 2829 1491 2866 aut
1524 2825 1832 2880 Theologiam,
1883 2825 1939 2867 ob
1973 2840 2066 2867 ma-

372 2895 510 2936 iorem
544 2896 851 2949 autoritatffln3
903 2898 1011 2951 quin
1059 2898 1193 2937 etiam
1227 2911 1390 2952 paucos
1431 2897 1541 2938 alios
1585 2899 1808 2954 oporteret
1851 2911 1943 2938 esse
1973 2897 2064 2938 iam

372 2972 611 3023 promotos,
645 2967 723 3022 qui
756 2967 825 3008 vel
859 2967 1057 3009 subsidio
1091 2982 1181 3008 esse
1214 2967 1387 3023 possint
1417 2967 1758 3023 aegrotantibus
1778 2966 2064 3021 Doctoribus,

372 3037 444 3078 vel
486 3037 792 3092 designantur,
840 3043 891 3079 vt
930 3037 1173 3092 aliquando
1215 3037 1426 3092 doceant;
1478 3053 1570 3080 non
1609 3038 1729 3080 enim
1774 3037 1918 3094 pridie
1956 3037 2062 3092 fere,

375 3112 616 3163 antequam
670 3107 770 3163 quis
823 3108 994 3162 doceat,
1048 3108 1173 3150 decet
1224 3108 1465 3151 Doctorem
1514 3108 1624 3151 fieri.
1704 3108 1911 3163 Insignia
1959 3122 2064 3151 vero

2110 3389 2135 3462 ὲιιιν.
2132 3368 2133 3371 „
