2143 3462
194 452 261 477 1599
273 461 279 476 :

116 489 293 520 Tragoediae
313 492 340 512 ct

148 525 322 549 comoediae.

193 561 260 586 1832
273 568 279 583 :

158 597 297 621 Pramum.

203 1025 340 1051 Pramum.

173 1877 271 1901 orati«,
294 1877 321 1900 in

147 1914 225 1937 stud.
249 1920 346 1938 ῑθιιον.

129 2092 206 2123 Quae
227 2092 319 2122 scrip-

103 2128 198 2152 tiones
221 2129 247 2151 in
269 2127 350 2151 codi-

95 2171 155 2188 vem
177 2164 355 2187 rmorendae.

106 2508 260 2533 Librorum
284 2507 345 2531 ‹lis-

158 2543 291 2568 tributio.

111 2650 344 2674 (humulmtionm

121 2686 335 2717 Mngistrorum.

362 181 448 224 272

549 189 659 225 Ratio
687 189 891 225 studiorum
918 193 956 225 et
980 189 1238 226 institutiones
1267 188 1509 226 scholasticae
1536 187 1735 227 Societatis
1762 190 1852 226 Jesu
1876 189 1915 226 II

359 309 465 364 illis,
507 308 585 364 qui
624 308 801 351 nollent
838 309 1135 365 promissione
1172 308 1369 364 obligari
1408 308 1482 351 vel
1513 307 1701 350 nomina
1732 308 1782 350 in
1812 310 2099 352 matriculam

360 379 479 435 dare,
512 379 738 435 agendum
774 380 1132 422 Constitutiones
1163 384 1221 437 (p.
1238 383 1279 424 4.
1297 394 1333 421 c.
1355 382 1422 423 17.
1441 379 1516 435 D.)
1548 383 1770 421 statuunt.

507 448 584 496 13.
617 451 971 508 Tragoediarum
988 457 1035 494 et
1047 466 1218 494 comoe-

363 522 552 577 diarum,
585 537 696 578 quas
736 522 917 564 nonnisi
961 523 1127 565 latinas
1166 531 1230 565 ac'

360 594 612 636 rarissimas
673 608 765 635 esse
825 598 1022 650 oportet,
1085 609 1218 650 argu-

361 669 563 707 mentum
617 679 793 706 sacrum
855 665 915 706 sit
966 680 1017 706 ac
1068 666 1215 721 pium,

360 752 507 794 neque
541 736 785 792 quicquam
814 736 991 778 actibus
1020 735 1217 792 interpo-

362 814 509 862 natur,
548 807 670 864 quod
707 821 799 848 non
838 807 1034 848 latinum
1075 807 1135 848 sit
1172 812 1217 848 et

363 880 592 935 decorum3
640 893 721 920 nec
759 892 949 934 persona
985 877 1082 919 ulla
1119 892 1216 920 mu-

362 950 515 993 liebris
557 950 627 992 vel
666 948 852 991 habitus
887 948 1214 993 introducatur.

499 1021 576 1068 14,
594 1019 804 1062 Praemia
815 1019 1216 1077 distribuipublice

362 1096 577 1150 poterunt
614 1091 748 1132 semel
779 1090 1043 1146 quotannis,
1081 1091 1214 1133 modo

363 1164 409 1205 id
427 1164 507 1205 fiat
524 1166 708 1219 sumptu
727 1162 949 1204 clarorum
964 1162 1213 1217 hominum,

363 1249 503 1290 eoque
542 1233 792 1288 moderato,
836 1248 916 1290 pro
961 1233 1215 1275 scholarum

363 1320 548 1347 numero
562 1304 831 1360 collegiique
842 1304 1030 1346 ratione.
1046 1305 1216 1346 Eorum

364 1381 536 1430 autem,
571 1375 649 1431 qui
682 1380 886 1432 sumptus
911 1374 1216 1432 suppeditant,

363 1448 410 1488 in
442 1447 542 1504 ipsa
568 1446 871 1503 praemiorum
896 1445 1217 1488 distributione

363 1517 612 1560 honorifica
650 1517 819 1559 mentio
865 1517 952 1559 erit
994 1516 1216 1559 facienda.

1342 1018 1415 1064 13.
1448 1018 1657 1062 Praemia
1688 1018 1900 1061 distribui
1927 1018 2105 1076 publice

1252 1094 1469 1146 poterunt
1507 1091 1643 1132 semel
1675 1090 1931 1146 quotannis,
1972 1089 2106 1132 modo

1253 1161 1299 1203 id
1322 1161 1404 1203 fiat
1423 1166 1606 1219 sumptu
1628 1161 1858 1204 moderato
1878 1176 1959 1218 pro
1982 1160 2107 1203 scho-

1253 1232 1400 1274 larum
1422 1247 1607 1275 numero
1631 1232 1896 1288 collegiique
1916 1231 2105 1274 ratione.

1256 1304 1305 1346 Si
1344 1304 1422 1359 qui
1459 1319 1566 1346 vero
1603 1304 1653 1346 in
1690 1304 1737 1346 id
1771 1308 1977 1361 sumptus
2008 1317 2107 1359 sup-

1255 1375 1481 1432 peditant,
1515 1391 1670 1418 eorum
1696 1376 1744 1418 in
1773 1376 1870 1433 ipsa
1892 1373 2109 1432 praemio-

1256 1461 1355 1488 rum
1379 1446 1700 1488 distributione
1716 1445 1965 1488 honorifica
1982 1459 2107 1487 men—

1258 1518 1321 1560 tio
1353 1518 1438 1560 erit
1470 1517 1690 1561 facienda.

365 1590 534 1645 Magna
581 1593 730 1632 autem
784 1603 890 1631 cura
933 1593 1110 1643 caveat,
1162 1603 1219 1630 ne

364 1661 596 1718 discipuli,
638 1661 741 1703 dum
784 1676 828 1702 se
865 1660 923 1702 ad
958 1660 1217 1716 hujusmodi

363 1747 432 1774 res
472 1736 754 1789 comparant,
796 1734 996 1774 morum1
1045 1731 1219 1774 faciant

365 1803 676 1846 studiorumve
703 1802 943 1859 jacturam.

509 1875 586 1923 15.
620 1877 780 1928 (18322
821 1877 905 1928 14.)
966 1875 1069 1917 Non
1102 1873 1381 1926 committat,
1413 1877 1465 1915 ut
1496 1872 1640 1915 oratio
1671 1874 1720 1915 in
1753 1872 2004 1916 studiorum
2035 1872 2104 1914 in-

367 1948 646 1990 stauratione
686 1946 865 2004 publice
905 1946 960 1988 ab
1002 1945 1105 1999 alio,
1153 1959 1288 2000 quam
1327 1959 1353 1986 a
1384 1943 1608 2000 Magistro
1650 1944 1801 2000 aliquo
1841 1943 2105 2000 insigniore,

367 2020 456 2062 nisi
486 2018 728 2061 necessitas
759 2022 913 2074 cogat,
947 2016 1178 2059 habeatur.

509 2090 585 2137 16.
621 2091 725 2145 (15.)
787 2088 1070 2132 servandum
1116 2092 1260 2142 curet,
1308 2087 1429 2143 quod
1474 2091 1542 2129 est
1588 2086 1636 2129 in
1673 2085 1842 2142 regulis
1879 2084 2107 2128 Praefecti

369 2160 668 2204 bibliothecae
700 2161 754 2202 de
781 2159 1024 2202 referendis
1056 2160 1105 2201 in
1137 2159 1337 2201 codicem
1368 2158 1438 2200 his
1468 2159 1616 2214 rebus,
1650 2172 1763 2214 quae
1785 2156 1964 2214 publice
1986 2155 2108 2198 exhi-

371 2233 544 2287 bentur,
592 2232 939 2287 scribunturque
978 2231 1027 2272 in
1060 2231 1263 2286 Collegio
1306 2245 1384 2272 seu
1426 2233 1553 2272 extra
1587 2228 1841 2285 Collegium
1873 2241 1899 2269 a
1930 2226 2108 2282 nostris,

368 2304 410 2345 h.
433 2319 468 2346 e.
492 2303 700 2358 dialogis,
741 2302 1037 2356 orationibus,
1084 2301 1291 2344 versibus
1328 2306 1373 2343 et
1410 2300 1513 2343 aliis
1543 2298 1825 2356 hujusmodi,
1873 2297 2107 2340 Praefecto

369 2381 448 2417 aut
479 2375 580 2417 aliis
611 2375 773 2417 harum
804 2388 952 2416 rerum
984 2372 1143 2431 peritis
1174 2372 1281 2415 dato
1313 2371 1498 2429 negotio
1529 2370 1765 2427 seligendi.

509 2505 578 2551 17.
613 2507 716 2562 (16.)
780 2503 1187 2547 Bibliothecarium
1233 2503 1282 2544 in
1328 2501 1546 2544 librorum
1588 2500 1909 2544 distributione
1949 2515 1975 2542 a
2018 2503 2110 2542 stu-

371 2577 547 2618 diorum
580 2576 807 2619 Praefecti
837 2576 1114 2633 praescripto
1143 2574 1301 2631 jubeat
1331 2587 1424 2615 non
1456 2572 1693 2616 discedere.

511 2647 588 2693 18.
622 2649 727 2702 (17.)
791 2646 995 2703 Singulis
1019 2650 1098 2689 aut
1118 2645 1303 2688 alternis
1325 2644 1485 2686 saltem
1506 2643 1734 2686 mensibus
1757 2642 2109 2685 consultationes

372 2719 537 2761 habeat
583 2718 786 2760 omnium
830 2717 1155 2773 Magistrorum
1194 2715 1314 2757 infra
1354 2715 1593 2771 Logicam,
1639 2717 1872 2772 praesente
1918 2717 2110 2769 utroque

372 2789 622 2843 Praefecto,
663 2794 944 2831 caeterorum
983 2788 1120 2830 etiam
1158 2786 1386 2828 interdum
1430 2790 1664 2843 praesente
1703 2784 1937 2828 Praefecto
1979 2798 2110 2840 gene—

372 2861 476 2915 rali3
509 2861 557 2902 in
589 2860 751 2916 quibus
784 2860 980 2916 primum
1013 2857 1186 2914 aliquid
1217 2872 1270 2900 ex
1303 2856 1471 2912 regulis
1494 2856 1830 2912 Magistrorum,
1864 2860 1961 2897 tum
1993 2868 2111 2898 com-

372 2932 585 2974 munibus
632 2930 856 2984 omnium,
901 2928 1163 2987 praesertim
1210 2927 1286 2982 iis,
1335 2942 1448 2984 quae
1482 2927 1539 2969 ad
1579 2927 1798 2984 pietatem
1838 2940 1889 2968 ac
1933 2939 2110 2967 morum

374 3003 660 3060 disciplinam
694 3005 920 3058 spectant,
953 3006 1051 3042 tum
1083 2998 1276 3056 propriis
1309 2998 1590 3054 singulorum
1623 3013 1677 3040 ex
1706 2997 1863 3040 ordine
1883 2996 2109 3039 recitetur.

521 3098 530 3116 ¹
558 3107 608 3141 pr.
636 3105 785 3131 moram.
