2148 3402
512 192 555 226 R.
570 196 616 227 st.
632 193 734 227 1586.
760 191 1053 227 Exercitationes
1080 192 1143 226 lat.
1160 195 1196 225 et
1220 202 1330 235 graec
1701 183 1783 225 165

493 458 712 515 Quonam
751 456 898 505 modo
937 455 1239 504 instituenda
1278 456 1377 504 sint

539 535 1045 600 exercitationum
1088 553 1326 614 genera,

441 634 616 699 quibus
654 634 856 683 Latinae
895 633 1207 698 Graecaeque
1246 634 1420 682 literae

718 717 935 783 perdisci
974 718 1149 766 solent.

826 836 940 900 Cap.
982 836 1038 886 V.

222 929 616 972 Exercitationum
667 944 853 984 genera,
906 944 1021 984 quae
1073 945 1210 986 prope
1264 928 1531 984 quotidiano
1573 931 1781 970 teruntur

82 1017 185 1056 vsu,
224 1006 395 1058 septem
433 1001 526 1043 fere
565 1016 751 1044 numero
791 1005 921 1056 sunt,
962 1000 1016 1042 de
1051 1001 1215 1056 quibus
1247 1000 1486 1056 sigillatim
1518 1000 1583 1042 ita
1613 999 1781 1056 praeci-

81 1073 299 1131 piendum
331 1073 525 1116 videtur.

224 1147 294 1200 [1.]
333 1144 403 1186 Ac
441 1144 637 1200 primum
675 1143 823 1200 pueris
861 1143 983 1185 haud
1022 1143 1307 1185 mediocriter
1345 1142 1546 1199 proderit
1585 1141 1781 1184 exerceri

82 1216 283 1272 quotidie
313 1215 362 1258 in
385 1215 589 1273 epistolis
623 1215 780 1272 alijsve
801 1215 929 1257 libris
954 1215 1197 1269 Ciceronis,
1231 1230 1341 1271 quos
1365 1215 1579 1271 deinceps
1602 1230 1626 1256 a
1649 1215 1782 1255 Prae-

81 1292 257 1344 ceptore
290 1292 396 1330 sunt
429 1287 642 1341 audituri,
677 1301 813 1343 quam
846 1287 1029 1344 optimis
1063 1286 1400 1329 characteribus
1433 1285 1780 1341 diligentissime

81 1359 404 1413 describendis,
446 1359 601 1401 eadem
639 1358 759 1400 enim
800 1373 934 1414 opera
967 1362 1010 1400 et
1041 1358 1220 1400 literam
1253 1357 1450 1400 efficient
1479 1357 1712 1399 meliorem
1735 1361 1779 1398 et

81 1430 448 1487 orthographiam
480 1430 644 1472 sensim
678 1430 876 1471 ediscent
898 1434 942 1471 et
971 1429 1231 1471 memoriam
1255 1430 1539 1472 adiuuabunt
1562 1433 1625 1481 et,
1660 1428 1780 1483 quod

80 1518 105 1544 a
127 1503 420 1559 Praeceptore
440 1501 832 1558 interpretandum
854 1505 941 1555 est,
972 1501 1232 1557 intelligent
1263 1500 1442 1554 melius,
1477 1500 1515 1540 si
1537 1500 1584 1541 id
1607 1503 1777 1541 attente

78 1573 361 1629 praelegant:
395 1577 462 1626 et,
493 1572 614 1627 quod
634 1572 683 1613 in
706 1572 999 1614 exscribendo
1022 1572 1291 1629 Thucydide
1312 1573 1464 1614 ferunt
1483 1571 1779 1613 Demostheni

78 1644 333 1700 contigisse,
353 1644 575 1686 occultam
594 1643 822 1686 Ciceronis
838 1643 1049 1685 imitandi
1066 1643 1332 1686 facultatem
1349 1649 1393 1685 et
1408 1643 1777 1685 consuetudinem

77 1715 404 1758 nanciscentur.
466 1716 592 1757 Haec
619 1729 746 1770 verO,
780 1730 893 1770 quae
923 1730 976 1756 ex
1005 1715 1219 1757 Cicerone
1247 1715 1578 1768 transcribunt,
1612 1714 1778 1769 alijque

77 1801 230 1829 eorum
251 1787 397 1829 libelli
417 1786 663 1844 exceptorij
687 1801 1016 1842 nonnunquam
1040 1802 1064 1828 a
1082 1787 1325 1842 Magistro,
1347 1785 1575 1828 interdum
1597 1787 1734 1827 etiam
1753 1802 1778 1827 a

74 1858 310 1911 Praefecto
336 1859 550 1914 legantur
580 1862 681 1900 tum
704 1858 760 1900 ad
786 1858 968 1900 illorum
994 1857 1283 1913 diligentiam
1306 1857 1644 1914 explorandam,
1678 1862 1776 1898 tum

77 1928 135 1971 ad
156 1930 482 1972 emendandam
504 1929 889 1986 orthographiam,
908 1945 996 1985 qua
1017 1930 1133 1972 nihil
1149 1929 1357 1972 vitiosius
1379 1930 1422 1970 in
1444 1928 1512 1983 ijs,
1536 1944 1650 1984 quae
1667 1929 1774 1970 scri-

81 1999 246 2042 buntur
266 2016 291 2042 a
310 2016 462 2058 puero.
506 2001 652 2043 Tanto
678 2016 781 2043 vero
804 2001 1073 2056 vigilantius
1096 2002 1284 2057 arripiat
1306 2001 1524 2054 Magister
1545 2015 1775 2055 quancun-

76 2086 160 2126 que
183 2076 332 2128 potest
355 2072 629 2114 occasionem
653 2072 914 2130 inculcandi
936 2077 979 2115 et
1001 2073 1270 2115 emendandi
1291 2072 1621 2129 diphthonlgos,
1655 2072 1773 2127 aspi-
1805 2099 1812 2113 ‚
1837 2089 1851 2104 0

76 2143 294 2197 rationes,
342 2148 576 2198 accentus,
624 2143 1017 2201 interpunctiones
1066 2145 1244 2199 aliaque
1288 2144 1335 2185 id
1374 2159 1535 2198 genus,
1586 2157 1775 2198 quorum

77 2213 289 2270 frequens
321 2219 388 2256 est
418 2215 467 2257 in
499 2215 732 2257 scribendo
765 2216 1031 2272 corruptela.
1095 2215 1193 2264 Quo
1226 2216 1274 2257 in
1306 2230 1466 2271 genere
1497 2215 1621 2257 nulla
1641 2216 1775 2271 paulo

75 2286 411 2341 prouectiorum
451 2286 734 2328 admittenda
765 2286 997 2329 videretur
1030 2287 1274 2341 excusatio,
1313 2286 1434 2342 quod
1472 2302 1545 2328 eos
1584 2287 1775 2328 scribere

76 2371 187 2412 pene
217 2357 334 2399 nihil
367 2362 604 2414 oporteret,
638 2358 759 2413 quod
791 2358 942 2414 aliquo
976 2374 1030 2400 ex
1062 2357 1178 2399 libro
1211 2373 1303 2399 non
1332 2358 1715 2414 transcripserint.

218 2432 256 2472 2.
289 2429 497 2471 Audiant
527 2433 699 2471 attente
729 2430 1063 2486 praelegenteni
1096 2429 1389 2484 Magistrum,
1430 2444 1533 2470 cum
1566 2433 1776 2471 autorum

76 2499 390 2556 interpretatio
412 2516 463 2542 ac
486 2501 631 2556 stylus
651 2501 786 2556 longe
808 2501 990 2542 maioris
1013 2501 1230 2543 Vtilitatis
1253 2500 1358 2554 sint,
1380 2515 1514 2556 quam
1537 2505 1776 2556 praecepta

79 2571 416 2625 GrammaticeS,
452 2586 713 2627 quanquam
744 2572 852 2613 haec
883 2571 980 2628 ipsa
1012 2572 1199 2613 minime
1230 2571 1505 2627 negligenda
1539 2576 1656 2613 sunt.
1721 2572 1774 2612 In

77 2642 374 2698 praelegendo
407 2646 557 2684 autem
588 2642 654 2684 nil
685 2642 936 2699 optandum
956 2643 1103 2699 magis
1124 2647 1204 2697 est,
1238 2658 1371 2698 quam
1394 2647 1445 2685 vt
1466 2643 1776 2698 vnusquisque

78 2712 294 2767 Magister
313 2714 436 2755 intra
456 2729 560 2755 suae
584 2729 628 2755 se
651 2714 828 2756 scholae
848 2714 959 2755 fines
981 2714 1224 2768 contineat,
1255 2730 1338 2755 nec
1371 2714 1521 2756 studio
1554 2714 1775 2755 maiorum

77 2798 225 2826 rerum
257 2785 491 2827 modulum
515 2799 646 2826 suum
670 2785 975 2839 transcendat,
1007 2801 1090 2827 nec
1113 2784 1292 2827 minuta
1314 2785 1533 2841 quaedam
1557 2789 1602 2826 et
1624 2785 1775 2827 ieiuna

78 2855 374 2898 consectando
422 2855 478 2897 ad
509 2855 772 2911 humiliora,
813 2871 948 2911 quam
980 2871 1093 2911 quae
1134 2856 1204 2898 sui
1235 2860 1342 2898 sunt
1375 2856 1564 2910 ordinis,
1615 2871 1659 2897 se
1701 2855 1774 2896 de-

78 2926 273 2968 mittat.¹

225 3057 235 3077 ¹
270 3058 369 3092 Zwei
421 3056 596 3101 wichtige
635 3056 796 3101 Regem,
842 3057 908 3091 auf
944 3056 1080 3091 welche
1125 3056 1184 3092 die
1223 3057 1483 3092 Schulmauuer
1527 3057 1635 3090 heute
1681 3054 1771 3088 noch

81 3113 244 3160 driugen.

1802 487 1828 509 Γ.
1844 478 1906 502 2411.
