2089 3381
230 160 273 195 R.
299 163 345 196 st.
373 160 475 196 1586.
527 159 769 203 Quaestiones
795 162 859 195 aut
885 159 1111 194 omittendae
1137 161 1200 194 aut
1224 168 1297 193 uno
1323 158 1402 193 1000
1427 157 1655 194 tractandae.
1733 147 1788 190 89

237 279 311 321 An
344 278 462 321 actio
494 278 553 320 sit
585 278 634 320 in
665 281 829 333 agente
859 280 910 318 vt
939 276 988 318 in
1017 276 1231 331 subiecto,
1267 276 1468 332 quaestio
1490 277 1788 333 Physicorum
1810 292 1903 326 Q.25.
1926 293 2001 317 A.1.

96 353 176 405 est,
207 363 300 392 non
331 348 677 404 Theologorum.

237 421 311 462 An
332 420 452 462 Deus
482 435 562 477 per
592 435 636 462 se
657 420 802 461 solum
825 419 968 475 possit
989 418 1161 460 efficere
1182 433 1289 473 rem,
1323 433 1435 474 quae
1454 421 1521 460 est
1541 423 1786 474 peceatum,
1811 438 1843 462 A.
1867 436 1892 460 s.

95 491 296 548 pertinet
327 490 385 533 ad
420 495 455 534 1.
481 494 543 544 2.;
577 491 694 533 sicut
723 489 781 532 ad
813 492 853 534 2.
878 493 940 534 2.;
973 489 1048 532 An
1079 488 1222 546 possit
1253 504 1331 546 per
1362 504 1421 544 se,
1453 489 1526 531 vel
1550 503 1628 545 per
1649 489 1788 530 alium

95 562 240 606 dicere
271 561 448 604 falsum.

235 632 364 675 Nihil
395 633 470 675 hic
502 632 556 674 cle
586 631 879 674 Beatitudine
909 632 959 674 in
990 647 1165 687 genere,
1197 631 1270 674 vel
1303 630 1357 672 de
1389 633 1555 672 nostra.
1809 648 1843 679 Q.
1865 648 1909 673 25.

234 704 303 746 De
333 704 471 747 verbo
502 703 667 745 mentis
697 702 814 744 nihil
845 702 970 744 aliud
998 706 1231 756 tractetur,
1264 717 1400 757 quam
1428 716 1486 742 an
1515 700 1789 757 producatur
1809 718 1900 750 om.
1923 719 1996 744 Aa.

95 775 151 817 ab
190 774 424 816 intellectu
462 779 629 828 nostro,
677 777 729 817 vt
767 773 985 815 terminus
1027 774 1230 827 actionis,
1279 776 1323 814 et
1368 772 1592 828 quomodo
1633 772 1690 813 ab
1739 787 1789 813 ea

93 845 425 902 distinguatur:
468 860 550 888 nec
587 845 667 887 fiat
703 845 841 900 longa
872 844 1083 886 tractatio
1116 843 1170 886 de
1201 844 1425 885 Trinitate
1463 842 1696 900 probanda
1735 857 1789 883 ex

95 916 351 974 Scripturis.

233 988 307 1029 An
344 987 428 1045 pili
465 991 509 1030 et
541 987 695 1045 capilli
726 987 773 1030 in
805 987 1077 1029 animalibus
1110 987 1282 1042 viuant,
1322 986 1607 1042 relinquatur
1638 985 1790 1027 Philo·
1812 1004 1847 1027 A.
1869 1002 1894 1028 2.

93 1058 244 1116 sopho.

232 1131 337 1172 Non
368 1129 634 1187 disputetur,
668 1146 725 1172 an
759 1133 958 1172 amatum
989 1129 1048 1171 sit
1077 1129 1126 1171 in
1147 1133 1340 1184 amante,
1372 1144 1516 1184 neque
1545 1143 1603 1170 an
1624 1127 1790 1170 notitia
1812 1146 1845 1169 A.
1868 1146 1892 1170 3.

92 1205 331 1243 concurrat
352 1201 498 1244 actiue
526 1202 583 1244 ad
611 1206 761 1244 actum
782 1201 1048 1255 voluntatiS,
1070 1200 1194 1257 prius
1214 1201 1333 1242 enim
1355 1200 1411 1242 ad
1431 1199 1788 1255 Philosophiam,

89 1273 310 1328 posterius
342 1271 399 1314 ad
430 1276 467 1316 1.
502 1276 541 1317 2.
573 1272 780 1330 pertinet.

232 1342 535 1399 Quaecunque
558 1343 814 1399 Caietanus,
834 1344 908 1386 vel
931 1343 1009 1386 alii
1030 1343 1104 1385 hic
1126 1342 1365 1400 disputant
1391 1342 1446 1384 de
1472 1341 1790 1384 Relationibus
1803 1358 1884 1391 ems.
1898 1360 2002 1389 A.1=q.

91 1413 142 1454 111
174 1428 348 1469 genere,
383 1415 696 1470 relinquantur
726 1415 1054 1472 Metaphysico.

231 1485 352 1536 Quid
384 1486 666 1543 suppositum
699 1486 838 1528 addat
869 1501 1002 1543 supra
1033 1490 1245 1529 naturam
1267 1485 1557 1541 singularem,
1592 1484 1788 1541 pertinet
1809 1502 1842 1534 Q.
1867 1502 1910 1526 29.

90 1555 149 1598 ad
180 1559 220 1601 3.
255 1557 449 1598 Partem.

231 1628 306 1669 An
354 1628 584 1670 euidenter
628 1628 742 1670 dilui
778 1628 953 1685 possint
1000 1634 1269 1684 argumenta
1316 1633 1473 1671 contra
1520 1627 1789 1684 mysterium
1810 1644 1843 1676 Q.
1867 1644 1910 1668 32.

91 1698 342 1753 Trinitatis,
381 1699 575 1755 pertinet
614 1699 671 1741 ad
711 1699 1061 1742 credibilitatem
1094 1700 1391 1742 articulorum
1423 1699 1565 1754 Fidei,
1606 1699 1659 1741 cle
1701 1714 1789 1754 qua

90 1768 242 1824 agitur
272 1770 321 1811 in
354 1774 393 1813 2.
428 1774 467 1814 2.
501 1770 553 1820 Q.
594 1775 628 1814 1.
662 1771 717 1813 A.
751 1774 793 1815 4.

229 1840 297 1882 De
329 1842 456 1883 varia
489 1857 674 1884 censura
705 1847 749 1885 et
783 1843 1005 1899 qualitate
1034 1843 1395 1900 propositionum
1417 1858 1509 1884 non
1532 1842 1789 1899 disputetur
1811 1859 1877 1885 em.
1900 1860 2001 1890 pava

88 1909 174 1963 hic,
208 1911 283 1953 sed
314 1912 361 1953 in
397 1915 587 1955 materia
619 1914 673 1956 de
705 1915 832 1957 Fide.

231 1983 335 2025 Non
368 1984 626 2041 disputetur
663 1985 748 2040 hic,
788 1987 1012 2042 quomodo
1051 2001 1241 2043 persona
1281 1986 1438 2027 diuina
1478 1985 1789 2040 distinguatur
1811 2001 1844 2033 Q.
1867 2001 1910 2024 39.

90 2052 145 2094 ab
178 2055 382 2108 essentia,
416 2056 449 2097 si
486 2061 531 2109 Q.
555 2059 623 2100 23.
647 2061 893 2100 tractatum
925 2058 1014 2099 fuit
1045 2058 1099 2099 de
1133 2057 1420 2099 distinctione
1442 2056 1711 2098 relationum
1745 2059 1790 2097 et

88 2124 318 2167 essentiae.

231 2195 298 2237 De
330 2197 590 2239 visibilibus
623 2199 779 2254 signis,
821 2200 870 2241 in
908 2200 1071 2255 quibus
1104 2200 1313 2256 apparuit
1346 2199 1544 2256 Spiritus
1578 2199 1911 2252 Sanctus,q„13.

91 2267 367 2309 commodius
400 2268 631 2325 disputare
663 2276 812 2326 potest
838 2272 1063 2328 Interpres
1083 2272 1357 2328 Scripturae.
1420 2271 1494 2312 An
1527 2275 1677 2312 autem
1708 2270 1788 2311 illa

90 2337 378 2394 hypostatice
410 2340 540 2381 vnita
573 2340 745 2383 fuerint
777 2343 970 2399 Spiritui
1004 2344 1186 2397 Sancto,
1220 2342 1416 2399 pertinet
1448 2342 1504 2384 ad
1528 2345 1567 2385 3.
1590 2343 1786 2383 Partem.

94 2435 145 2439 —
190 2435 234 2441 -
284 2410 401 2451 ltem
449 2426 507 2452 an
545 2412 850 2468 apparitiones
889 2413 1105 2467 visibiles,
1144 2429 1257 2469 quae
1296 2414 1344 2455 in
1386 2413 1526 2455 veteri
1557 2428 1634 2455 seu
1665 2427 1786 2454 nouo

90 2479 375 2523 Testamento
409 2482 673 2524 tribuuntur
704 2484 814 2538 Deo,
846 2483 1017 2526 fuerint
1046 2484 1191 2526 factae
1223 2484 1485 2526 immediate
1516 2499 1594 2540 per
1626 2484 1785 2537 Deum,

90 2564 149 2592 an
178 2566 258 2608 per
290 2553 506 2608 Angelos,
537 2569 630 2596 non
660 2553 757 2596 fuse
790 2560 1007 2597 tractetur
1036 2555 1123 2610 hic,
1163 2555 1240 2597 sed
1276 2556 1326 2597 in
1359 2556 1620 2612 Scripturae
1650 2555 1787 2597 inter-

90 2622 354 2678 pretatione.

231 2694 306 2735 An
357 2699 506 2737 motus
547 2696 827 2751 Angelorum
876 2697 1019 2754 possit
1065 2697 1163 2739 fieri
1211 2698 1261 2739 in
1306 2698 1521 2752 instanti,
1573 2698 1786 2754 supponit
1807 2715 1840 2746 Q.
1864 2716 1907 2738 εκ.

91 2764 235 2807 multa
278 2766 612 2823 Philosophica,
664 2783 777 2823 quae
816 2768 891 2810 hic
930 2783 1023 2811 non
1062 2773 1325 2811 tractentur.
1389 2769 1443 2811 Id
1483 2770 1604 2825 quod
1648 2770 1785 2811 etiam

91 2840 294 2878 seruetur
324 2837 373 2878 in
404 2836 473 2892 iis,
506 2852 619 2893 quae
651 2839 943 2895 disputantur
975 2839 1026 2890 Q.
1062 2841 1131 2884 54.
1164 2839 1218 2882 A.
1241 2844 1278 2884 1.
1313 2844 1358 2882 et
1391 2843 1430 2884 3.
