2148 3402
120 273 265 328 batur,
299 273 405 329 quia
438 278 614 330 oportet
645 274 709 315 ita
727 273 962 315 instituere
984 273 1100 315 hanc
1123 272 1271 314 sobo-¹

120 344 224 398 lam,
257 348 310 386 vt
342 359 395 386 ex
428 344 508 385 illa
540 345 635 400 apti
675 344 787 385 fiant
826 342 1035 399 discipuli
1058 342 1113 383 ad
1147 358 1252 398 syn-

119 415 259 468 taxim
292 414 401 456 haec
432 429 537 456 uero
578 414 767 469 requirit
806 413 1058 455 auditorem
1099 413 1252 468 aliqua

119 485 293 526 ratione
338 499 429 525 esse
468 483 700 525 initiatum
733 483 885 540 phrasi
922 483 1112 540 po'e'tica⁷
1146 483 1252 525 inde

122 555 312 597 Ouidius
333 563 451 596 recte
483 554 557 596 hic
577 555 875 611 praelegitur,
908 555 986 610 qui
1005 554 1251 597 facillimus

120 631 187 667 est
218 631 466 683 poetarum.
501 626 593 667 Neo
620 630 686 667 est
714 641 826 682 opus
848 626 1104 682 praelegere
1124 641 1250 683 prae-

118 701 245 754 cepta
277 697 385 738 artis
413 696 638 750 metricae,
671 697 777 752 quia
809 711 901 738 non
933 697 1104 753 legitur
1142 697 1250 739 Oui-

120 768 233 822 dius,
267 772 317 809 ut
348 767 549 809 scribant
580 767 794 824 discipuli
835 783 1028 822 carmen,
1077 769 1153 810 sed
1200 774 1251 811 vt

118 839 272 896 phrasi
289 838 441 894 aliquo
459 838 592 880 modo
624 839 828 895 poeticae
846 844 1114 881 assuescant.
1168 841 1249 882 Ge-
1272 829 1274 883 ᾗ

123 910 234 952 betis
256 915 410 952 tamen
432 910 590 952 tabula
620 914 770 966 posset
786 910 950 965 omitti,
985 911 1091 966 quia
1122 911 1247 953 uide-

119 987 195 1024 tur
225 981 360 1023 nimis
392 996 418 1023 a
450 985 587 1037 captu
618 996 859 1038 puerorum
892 981 1144 1024 abhorrere.
1273 970 1275 979 Ι

260 1053 347 1094 Pro
379 1052 655 1095 Nazianzeni
694 1052 895 1109 epistolis
934 1058 1082 1094 essent
1114 1053 1253 1095 etiam

117 1123 323 1166 faciliora
355 1129 398 1165 et
428 1123 694 1166 iucundiora
735 1124 980 1179 seligenda,
1026 1125 1146 1166 sicut
1184 1125 1250 1166 fa-

118 1195 250 1237 bulae
282 1195 455 1251 aliquot
486 1195 651 1251 Aesopi
689 1194 934 1250 faciliores,
978 1200 1023 1237 et
1062 1196 1254 1237 aliorum

119 1270 357 1307 auctorum
390 1265 617 1322 epistolae,

261 1341 301 1382 2,
342 1337 391 1378 Si
418 1336 467 1378 in
498 1351 591 1392 reg.
634 1340 670 1380 1.
698 1337 842 1379 Poe'ta
878 1337 1098 1393 legendus
1131 1353 1257 1395 prae-

121 1408 351 1462 scribitur⁷
393 1412 491 1450 tum
538 1408 675 1450 etiam
715 1409 984 1466 repetendus
1022 1414 1101 1464 est,
1135 1409 1257 1466 quod

120 1479 229 1521 haec
259 1493 350 1533 reg.
384 1479 651 1535 praescribit
685 1481 721 1531 ἓ.
756 1486 826 1536 „1²5
867 1480 1019 1525 hora“.
1081 1480 1257 1523 Idcirco

121 1550 341 1592 seruanda
373 1554 440 1592 est
470 1550 659 1606 integre,
700 1554 744 1592 et
781 1550 899 1592 nihil
931 1551 1256 1607 excipiendum.

262 1621 420 1677 Aliqui
472 1622 609 1662 etiam
661 1621 851 1663 mallent
903 1621 1049 1664 facere
1112 1637 1257 1676 mane,

123 1692 243 1749 quod
280 1707 372 1748 reg.
414 1692 674 1734 faciendum
713 1692 933 1749 praecipit
964 1693 1166 1749 Uesperi.
1204 1719 1278 1741 —,

123 1765 190 1806 Ne
222 1769 373 1806 autem
416 1763 620 1806 confusio
663 1775 894 1819 sequatur,
932 1763 1116 1806 uidetur
1156 1779 1259 1806 con-

124 1835 285 1877 sultius
336 1834 616 1877 conformare
670 1850 716 1875 se
767 1835 968 1890 regulae3
1017 1849 1123 1876 nam
1176 1824 1278 1901 etsi]

86 1914 93 1916 “
124 1905 374 1964 praeceptis
405 1905 655 1947 ediscendis
689 1905 747 1946 sit
768 1905 1046 1947 matutinum
1079 1910 1258 1961 tempus

126 1978 361 2035 optimum,
395 1977 515 2020 idem
546 1976 728 2033 putabit
761 1976 925 2032 aliquis
958 1976 1133 2018 auctori
1165 1973 1278 2018 esse?

126 2049 360 2106 optimum.
424 2049 485 2089 Et
524 2063 626 2090 cum
673 2051 909 2104 praecepta
956 2047 1013 2089 ad
1062 2047 1259 2089 auctoris

126 2120 429 2170 imitationem
450 2119 720 2172 referantur,
754 2118 969 2160 maiorem
1002 2118 1257 2161 habendam

126 2191 347 2233 rationem
379 2191 575 2233 auctoris
607 2205 741 2246 quam
774 2194 1127 2246 praeceptorum.

271 2266 309 2305 3.
362 2262 557 2312 Quidam
575 2261 847 2315 obseruauit⁷
863 2261 912 2302 in
928 2261 1090 2303 vltima
1108 2261 1262 2303 schola
1281 2283 1282 2315 ᾗ

129 2334 454 2375 Grammatices
495 2334 667 2375 nullam
707 2332 803 2374 fieri
834 2332 1112 2374 mentionem
1143 2332 1263 2374 rudi-

131 2409 381 2446 mentorum
413 2405 507 2447 sive
548 2405 720 2461 primae
754 2402 1108 2457 Grammaticae,
1150 2418 1264 2459 quae

130 2481 280 2518 tamen
311 2475 360 2516 in
392 2475 472 2517 illa
503 2476 654 2517 schola
686 2474 988 2531 praelegenda
1010 2479 1137 2527 sunm
1170 2475 1265 2531 pla-

131 2552 201 2589 cet
232 2546 353 2602 quod
393 2547 468 2587 ille
510 2547 733 2602 suggerit,
776 2546 937 2588 vltima
976 2545 1087 2586 hora
1120 2550 1264 2587 matu-

132 2618 241 2671 tina,
275 2621 518 2672 antequam
559 2621 735 2674 tempus
774 2618 902 2660 uenit
935 2617 1263 2674 praelegendae

135 2689 480 2741 sthammaticae,
512 2688 769 2731 rudimenta
800 2704 928 2746 posse
959 2687 1187 2744 explicari.

209 153 364 199 Eingeh.
392 155 634 199 Beurteilung
658 156 723 189 der
748 155 790 189 R.
818 160 864 189 st.
890 155 962 190 und
988 155 1205 190 Antworteu
1231 155 1295 189 cles
1325 155 1360 189 P.
1377 155 1577 198 Aquaviva.
1607 156 1733 199 160213
1771 145 1856 187 507

1289 288 1367 314 cur
1400 289 1426 315 a
1457 274 1625 329 regulis
1657 273 1857 315 disceda-

1290 347 1375 385 tur.
1439 343 1589 397 (lbid.)

1357 2049 1437 2091 Ad
1457 2052 1496 2093 3.
1521 2049 1652 2099 Quod
1669 2049 1796 2090 nulla
1815 2048 1864 2089 in

1297 2119 1455 2162 infima
1488 2120 1708 2163 Gramma}
1742 2119 1865 2161 uide-

1299 2196 1374 2232 tur
1390 2191 1512 2232 facta
1530 2190 1699 2232 mentio
1722 2190 1865 2233 Rudi-

1301 2266 1630 2303 mentoruin.-—
1655 2260 1865 2303 R.Rudi-

1282 2370 1283 2374 ,
1302 2336 1454 2373 menta
1476 2332 1523 2372 in
1538 2331 1682 2388 primo
1707 2332 1866 2374 Gram-

1283 2396 1284 2400 ’
1302 2403 1492 2444 maticae
1551 2403 1668 2445 libro
1724 2402 1866 2444 conti-

1301 2479 1478 2527 nentur,
1523 2473 1651 2515 cuius
1690 2473 1864 2515 mentio

1302 2545 1354 2586 fit
1404 2545 1453 2586 in
1495 2548 1536 2588 1²3
1571 2545 1730 2601 regula
1761 2560 1862 2601 pro-

1302 2614 1482 2657 fessoris
1526 2615 1710 2657 infimae
1764 2615 1862 2658 Gr‘i‘*

1281 2689 1282 2732 ῑ
1301 2686 1451 2743 (lbid.)
