2084 3441
291 150 346 198 46
479 161 590 201 Ratio
618 164 822 202 studiorum
848 170 885 201 et
909 160 1165 202 institutiones
1191 157 1432 199 scholasticae
1457 162 1652 200 Societatis
1678 163 1767 201 Jesu
1792 163 1829 201 11

288 289 455 340 putant
487 299 531 326 se
561 284 757 326 minores
789 299 881 326 0880
914 284 981 339 ijs,
1016 299 1041 325 a
1066 283 1229 338 quibus
1251 287 1513 333 monentur;
1537 284 1823 340 suspicantur
1845 286 1984 327 etiam

290 355 532 409 interdum,
571 355 744 397 leuiora
775 355 861 396 sibi
894 354 1119 409 denegari,
1153 368 1254 395 cum
1288 353 1388 409 alijs
1420 354 1632 409 grauiora
1664 356 1980 398 concedantur.

288 426 384 468 Nec
413 440 514 467 raro
547 431 812 482 comparant
842 425 1126 467 Praefectum
1159 439 1261 466 cum
1294 425 1537 478 Praefecto,
1570 440 1760 481 cumque
1783 426 1983 481 videant,

289 497 409 552 quod
447 497 711 553 prohibetur
748 496 804 537 ab
843 510 946 549 vn0,
988 495 1043 537 ab
1077 496 1216 537 altero
1248 496 1506 550 condonari,
1539 496 1578 538 si
1611 496 1720 552 quid
1750 497 1799 538 in
1830 512 1983 539 eorum

289 567 494 609 doctrina
526 567 876 624 reprehenditur,
910 567 956 607 id
987 581 1080 608 non
1112 572 1205 608 tam
1233 567 1476 621 doctrinae,
1502 582 1638 622 quam
1658 567 1982 624 reprehenden-

289 639 347 681 tis
385 640 500 681 vitio
541 639 762 681 tribuunt.
827 638 950 688 Quae
989 638 1285 679 offensionum
1321 638 1575 680 occasiones
1605 638 1706 680 tolli
1738 643 1983 694 nequeunt,

289 710 377 751 nisi
418 715 539 751 certa
580 709 799 765 quaedam
838 708 1133 763 designentur
1170 724 1263 751 non
1293 711 1428 752 Vnius
1461 710 1696 764 arbitratu,
1736 709 1814 751 sed
1844 710 1986 765 pluri-

288 795 477 834 morum,
511 795 591 822 nec
625 795 679 821 ex
712 786 922 835 tempore,
947 780 1023 822 sed
1044 781 1288 822 maturiore
1310 781 1512 833 consilio,
1535 796 1618 822 nec
1640 781 1720 823 vni
1742 784 1820 822 aut
1840 780 1983 835 alteri,

289 852 365 893 sed
398 852 626 893 omnibus:
661 851 876 893 libentius
909 853 1030 893 enim
1063 851 1309 907 patientur,
1344 851 1574 893 communi
1595 865 1814 893 consensu
1836 850 1985 893 Socie-

289 923 396 964 tatis
428 922 671 979 praescribi
705 922 790 963 sibi
824 922 1058 977 quaedam,
1090 937 1183 964 non
1216 922 1362 964 80111111
1394 922 1499 978 quia
1531 922 1717 976 tutiora,
1752 922 1827 964 sed
1848 922 1984 965 etiam

289 994 394 1049 quia
424 992 741 1049 probabiliora,
776 1008 910 1048 quam
941 993 1076 1035 Vnius
1108 993 1333 1035 Praefecti
1363 993 1530 1035 iudicio
1564 993 1806 1048 quicquam
1827 992 1911 1034 sibi
1933 997 1985 1034 vt

287 1064 589 1120 periculosum
620 1064 861 1120 prohiberi.
926 1065 1028 1106 Huc
1059 1065 1268 1121 pertinet,
1300 1065 1418 1120 quod
1452 1065 1589 1106 Arist.
1620 1065 1698 1106 lib.
1731 1069 1765 1107 1.
1793 1064 1981 1106 Rhetor.

289 1139 335 1176 et
367 1135 409 1176 S.
442 1135 650 1176 Thomas.
683 1139 703 1178 1
728 1135 786 1177 Π.
811 1150 850 1190 q.
874 1138 943 1180 95.
968 1140 1050 1177 art.
1079 1140 1115 1179 1.
1140 1136 1197 1178 ad
1220 1139 1258 1180 2.
1283 1136 1459 1190 docent,
1491 1135 1761 1192 paucissima
1792 1149 1885 1176 esse
1916 1134 1985 1177 iu-

289 1206 398 1248 dicis
436 1206 626 1247 arbitrio
665 1206 1003 1260 committenda,
1036 1207 1187 1249 omnia
1219 1221 1338 1261 vero,
1373 1222 1486 1263 quae
1519 1207 1749 1249 commode
1780 1210 1983 1262 possunt,

289 1277 704 1333 comprehendenda
736 1277 924 1333 legibus.
989 1278 1131 1334 quue
1162 1278 1370 1334 probant,
1403 1283 1502 1320 tum
1533 1278 1640 1334 quia
1661 1277 1842 1319 facilius
1860 1291 1985 1332 repe-

175 1375 202 1398 p.
225 1367 267 1390 ³4.
288 1348 470 1390 riuntur
508 1349 640 1405 pauci
673 1349 908 1404 sapientes,
938 1350 944 1405 Ι
973 1349 1049 1405 qui
1082 1350 1192 1391 satis
1223 1350 1315 1390 sint
1346 1349 1524 1406 legibus
1555 1348 1815 1402 condendis,
1849 1361 1984 1403 quam

288 1420 434 1474 multi,
469 1425 578 1475 quot
609 1420 900 1475 requiruntur
933 1421 990 1462 ad
1020 1420 1315 1462 iudicandum
1348 1421 1557 1463 omnibus
1588 1419 1698 1462 locis
1731 1434 1782 1461 ac
1813 1423 1985 1475 tempo-

288 1491 434 1544 ribus;
483 1496 579 1532 tum
618 1491 725 1546 quia
759 1491 882 1546 leges
921 1492 1059 1546 longo
1098 1496 1299 1548 tempore
1337 1496 1380 1533 et
1414 1491 1720 1548 experimento
1761 1489 1983 1531 maturius

288 1562 566 1614 sanciuntur,
607 1577 741 1617 quam
779 1563 1046 1618 quotidiana
1077 1563 1266 1616 iudicia;
1299 1569 1398 1605 tum
1431 1563 1536 1618 quia
1567 1561 1850 1617 legislatores
1882 1574 1983 1602 cum

287 1634 534 1675 vniuersim
573 1639 618 1675 et
656 1633 709 1675 de
747 1633 913 1675 futuris
952 1635 1167 1688 iudicent,
1200 1634 1404 1676 iudicant
1443 1632 1759 1689 incorruptius.
1822 1632 1983 1687 Itaque

287 1719 579 1760 quaecunque
628 1710 817 1761 possunt
867 1705 1044 1761 legibus
1093 1706 1315 1764 expediri,
1366 1704 1642 1762 expedienda
1694 1708 1817 1757 sunt;
1869 1717 1982 1758 quae

287 1789 393 1817 vero
426 1791 518 1817 non
550 1780 737 1832 possunt
768 1776 865 1831 lege
896 1776 1129 1831 praestari,
1162 1776 1292 1831 quale
1324 1780 1390 1817 est
1420 1780 1464 1818 et
1493 1774 1715 1818 iudicium
1747 1774 1801 1816 de
1833 1774 1986 1829 singu-

287 1847 457 1889 laribus
503 1847 787 1902 quibusdam,
836 1862 949 1903 quae
987 1852 1218 1902 nequeunt
1257 1847 1356 1902 lege
1395 1846 1727 1902 comprehendi,
1769 1849 1814 1887 et
1849 1845 1986 1886 inter-

288 1918 479 1974 pretatio
522 1918 646 1973 legiS,
692 1919 730 1960 si
773 1932 861 1974 qua
904 1918 1039 1974 paulo
1080 1918 1309 1959 obscurior
1347 1917 1418 1971 sit,
1458 1916 1599 1959 iudici
1637 1921 1854 1972 tanquam
1894 1915 1984 1972 legi

287 1989 514 2031 animatae
546 1989 815 2032 reseruanda
846 1994 963 2031 sunt.
1028 1989 1151 2038 Quae
1176 1988 1329 2030 omnia
1356 1988 1582 2044 quadrant
1610 1988 1748 2029 etiam
1782 1986 1831 2028 in
1850 1987 1984 2028 Prae-

287 2060 438 2115 fectos,
471 2076 609 2117 eoque
641 2061 798 2116 magis,
832 2060 965 2116 quod,
998 2060 1213 2116 quicquid
1246 2059 1303 2101 ab
1320 2074 1474 2102 eorum
1498 2073 1683 2101 censura
1701 2057 1881 2115 pendet,
1901 2072 1984 2100 nec

287 2137 553 2188 perpetuum
587 2147 679 2174 esse
712 2137 874 2189 potest,
909 2147 1010 2174 cum
1041 2132 1110 2173 illi
1141 2131 1331 2174 subinde
1369 2134 1716 2184 commutentur,
1758 2143 1840 2170 nec
1877 2143 1981 2170 con-

289 2216 398 2256 cors,
439 2208 482 2245 et
520 2218 755 2245 commune
793 2203 880 2245 toti
920 2203 1154 2257 Societati,
1194 2203 1270 2244 sed
1308 2206 1377 2244 tot
1415 2216 1638 2256 censurae,
1679 2204 1790 2256 quot
1832 2200 1984 2256 capita

290 2275 639 2317 Praefectorum.
711 2274 858 2325 Quare
894 2275 1075 2332 publica
1115 2274 1354 2317 Societatis
1394 2273 1636 2315 autoritate
1677 2270 1982 2314 definiendum

289 2350 367 2399 est,
401 2346 439 2387 si
470 2346 580 2401 quid
611 2351 676 2388 est
709 2346 1028 2389 definiendum.

431 2417 652 2466 Quartum
693 2424 829 2475 caput
866 2418 1020 2460 existit
1059 2433 1112 2460 ex
1144 2433 1208 2472 eo,
1240 2417 1360 2474 quod
1392 2417 1489 2474 ipsa
1520 2430 1687 2473 genera
1719 2414 1983 2473 opinionum

288 2503 379 2531 non
420 2504 471 2530 ea
509 2489 682 2531 delecta
723 2504 773 2531 30
813 2488 1004 2530 definita
1043 2489 1255 2530 videntur
1288 2504 1401 2544 quae
1433 2488 1682 2545 oportebat.
1744 2487 1861 2529 Nam
1892 2484 1982 2527 tria

288 2566 468 2602 tantum
500 2561 860 2617 propositionum
892 2574 1056 2615 genera
1088 2560 1301 2603 videntur
1334 2560 1607 2602 definienda:
1641 2573 1784 2602 vnum
1815 2570 1981 2610 earum,

289 2647 402 2687 quae
435 2632 631 2687 aliquam
664 2631 833 2673 habent
865 2647 965 2674 eum
997 2632 1214 2688 religione
1246 2646 1297 2673 ac
1330 2631 1498 2687 pietate
1539 2630 1881 2682 connexionem;
1921 2626 1984 2669 al-

287 2708 431 2744 terum
464 2717 630 2756 earum,
663 2718 778 2758 quae
806 2706 1047 2745 versantur
1077 2703 1125 2744 in
1155 2703 1342 2745 materia
1374 2702 1517 2758 graui,
1551 2708 1603 2744 vt
1636 2701 1741 2757 quia
1771 2703 1878 2742 sunt
1910 2697 1983 2741 vel

286 2779 504 2829 tanquam
530 2774 755 2830 principia
779 2774 1013 2829 quaedam,
1034 2789 1087 2815 ex
1111 2774 1274 2829 quibus
1297 2773 1386 2815 alia
1405 2773 1618 2830 pendent,
1651 2772 1724 2815 vel
1745 2771 1878 2814 facile
1909 2783 1982 2811 ex-

288 2845 435 2901 posita
466 2845 674 2901 periculis
694 2844 967 2887 habentibus
987 2845 1035 2886 in
1054 2860 1100 2887 re
1121 2845 1468 2887 fundamentum
1489 2844 1687 2900 aliquod,
1708 2857 1800 2885 non
1821 2842 1982 2885 volun-

285 2915 412 2972 tarijs
443 2921 636 2969 tantum,
670 2916 779 2957 haec
812 2916 933 2957 enim
967 2915 1023 2957 ad
1056 2920 1197 2957 artem
1219 2930 1311 2957 non
1335 2915 1579 2972 pertinent3
1607 2915 1791 2957 tertium
1813 2927 1979 2967 earum,

176 3014 202 3037 p.
227 3006 268 3029 ³⁵.
289 3002 402 3043 quae
434 2994 540 3028 sunt
572 2987 806 3042 opiniones
838 2991 917 3028 aut
948 2987 1149 3028 omnium
1183 2991 1261 3028 aut
1290 2988 1294 3039 Ι
1324 2992 1440 3028 certe
1472 2986 1655 3028 maioris
1686 2984 1826 3042 partis
1857 2998 1980 3040 prae-

287 3057 506 3101 stantium
552 3057 900 3113 Theologorum.
963 3057 1117 3113 Neque
1163 3057 1419 3099 addendum
1467 3062 1533 3098 est
1578 3061 1790 3114 quartum
1836 3069 1977 3111 genus
