2143 3462
215 404 315 435 p.273.

221 2056 248 2079 ρ.
259 2047 322 2074 274.

110 2671 207 2696 Prima
228 2672 298 2696 horn

83 2707 323 2732 antemeridiana.

342 186 427 229 184
522 195 632 230 Ratio
658 196 861 231 studiorum
887 200 924 231 et
949 196 1200 232 institutiones
1226 196 1469 232 scholasticae
1495 195 1693 231 Societatis
1718 197 1808 232 Jesu
1833 196 1870 232 11

336 328 448 370 quos
479 329 779 370 vnaquaeque
817 316 970 358 classis
1008 315 1246 367 diuiditur,
1285 315 1349 356 sic
1380 314 1595 356 videntur
1625 314 1945 369 constituendi,
1982 319 2034 357 vt

337 385 530 441 quilibet
551 385 768 429 sortiatur
787 392 963 444 partem
984 388 1076 429 fere
1097 386 1332 429 dimidiam
1365 386 1493 442 pensi
1526 390 1661 441 atque
1689 388 1695 438 Ι
1723 386 1883 440 oneris,
1915 386 2035 441 quod

336 456 417 498 vni
449 456 538 499 toti
571 457 702 500 classi
735 458 994 500 obuenerat.
1044 459 1277 500 Hactenus
1309 458 1355 498 in
1389 471 1571 512 genere3
1603 472 1724 498 nunc
1755 456 1809 498 de
1842 457 2035 513 singulis

337 527 573 570 ordinibus
605 528 820 571 distincte
852 545 904 571 ac
935 529 1145 582 dilucide,
1176 532 1354 585 sumpto
1389 528 1445 570 ab
1477 527 1647 570 infimis
1678 527 1825 570 initio.

729 649 966 698 Tertiae
1005 650 1219 699 classis
1257 649 1464 698 inferior
1503 648 1640 698 ordo.

479 743 533 784 In
555 742 640 785 hoc
662 742 818 785 ordine
842 746 1129 799 exponantur
1159 742 1309 799 pueris
1344 742 1498 785 breues
1531 759 1582 784 ac
1614 743 1873 800 perspicuae
1906 759 2039 799 quae-

339 815 443 856 dam
481 814 762 869 singularum
804 815 1002 870 partium
1050 813 1268 855 orationis
1313 814 1650 871 descriptiones,
1702 814 1902 856 subiecto
1949 829 2039 856 vno

339 890 419 927 aut
450 886 590 927 altero
630 885 852 941 exemplo:
904 901 1018 942 quae
1055 885 1229 928 desumi
1267 890 1453 943 possunt
1484 901 1537 927 ex
1570 885 1648 928 lib.
1681 885 1827 942 primo
1860 886 2041 928 Emma-

338 957 484 999 nuelis
516 972 619 1014 pag.
656 960 752 1000 110.
786 961 831 998 et
863 957 1166 1012 sequentibus.

481 1028 654 1070 Deinde
692 1027 932 1070 tradantur
973 1029 1197 1085 simplices
1237 1029 1485 1070 Nominum
1533 1029 1924 1071 substantiuorum
1965 1029 2040 1071 de-

339 1100 611 1141 clinationes
642 1100 842 1155 quinque
873 1116 926 1142 ex
966 1115 1069 1157 pag.
1110 1099 1257 1156 prima
1294 1115 1435 1155 Vsque
1474 1100 1530 1142 ad
1572 1104 1762 1155 sextam,
1808 1105 1852 1143 et
1895 1100 2043 1157 prima

339 1171 684 1214 Adiectiuorum
716 1172 960 1214 declinatio
992 1188 1045 1214 ex
1078 1187 1180 1228 pag.
1210 1175 1249 1216 7.
1283 1176 1327 1213 et
1358 1171 1685 1214 Pronominum
1716 1172 2044 1214 declinationes

339 1259 392 1285 ex
426 1259 530 1300 pag.
555 1246 621 1287 12.
657 1243 713 1286 ad
745 1243 881 1285 finem
914 1244 1114 1286 decimae
1147 1248 1335 1285 octavae
1368 1247 1560 1285 tantum.

480 1315 596 1356 Tum
629 1314 924 1357 addiscantur
955 1320 1150 1371 quatuor
1181 1315 1407 1372 simplices
1427 1315 1668 1356 verborum
1690 1314 2045 1370 Coniugationes

340 1402 393 1428 ex
425 1401 529 1443 pag.
553 1389 622 1430 37.
656 1401 797 1442 Vsque
832 1387 888 1429 ad
919 1387 1055 1429 finem
1089 1390 1174 1441 83„
1207 1387 1523 1443 praetermisso
1556 1386 1688 1428 modo
1722 1385 1969 1427 Potentiali
2002 1389 2047 1427 et

340 1457 642 1514 Permissiuo;
675 1458 785 1499 satis
818 1458 939 1501 enim
971 1459 1110 1500 fuerit
1140 1463 1242 1515 post
1277 1458 1461 1500 modum
1495 1457 1848 1500 Subiunctiuum
1882 1456 2045 1498 addere

339 1529 457 1570 hanc
479 1529 923 1572 annotatiunculam:
969 1531 1155 1585 „Modus
1179 1530 1507 1573 Snbiunctiuus
1528 1528 1770 1586 aliquando
1795 1528 2047 1585 explicatur

340 1615 418 1657 per
464 1601 655 1642 Possum
701 1601 772 1643 ve]
823 1602 975 1644 Sino.“
1051 1603 1138 1645 Sed
1185 1607 1290 1645 ante
1333 1602 1415 1644 has
1463 1606 1657 1657 quatuor
1705 1600 2046 1655 coniugationes

341 1672 679 1727 coniugandum
716 1677 783 1714 est
822 1674 1011 1715 verbum
1052 1674 1403 1716 Substantivum
1441 1678 1661 1729 tanquam
1698 1672 2046 1715 fundamentum

341 1743 619 1799 reliquorum
651 1759 704 1785 ex
737 1760 840 1800 pag.
876 1748 944 1789 21.

483 1815 608 1857 Haec
648 1815 783 1872 plane
817 1816 1031 1859 videntur
1069 1816 1293 1872 principio
1332 1816 1552 1858 tradenda
1582 1816 1755 1870 Pueris,
1789 1815 1894 1872 quia
1926 1830 2045 1857 com-

342 1887 564 1941 muniora,
597 1888 744 1943 magis
774 1887 1027 1930 necessaria
1058 1891 1103 1929 et
1134 1887 1341 1930 faciliora
1373 1892 1492 1931 sunt.
1555 1888 1640 1929 His
1671 1902 1779 1930 vero
1812 1887 2050 1940 absolutis,

344 1958 509 2013 exponi
550 1963 700 2015 posset
740 1959 835 2001 sine
875 1959 1201 2016 appendicibus
1241 1960 1516 2002 constructio
1555 1959 1871 2013 Intransitiua,
1913 1973 2048 2014 quam

343 2029 484 2085 vulgo
525 2031 885 2073 Concordantias
922 2035 1105 2073 vocant.
1179 2031 1304 2080 Quae
1341 2032 1494 2073 omnia
1533 2030 1752 2072 trimestri
1791 2030 1937 2086 spatio
1966 2030 1971 2085 Ι
2000 2029 2049 2071 fi-

344 2101 513 2143 nienda
532 2107 693 2144 essent.
744 2103 899 2158 Neque
932 2102 1053 2144 enim
1084 2102 1141 2144 ad
1170 2102 1288 2144 hanc
1309 2102 1494 2143 classem
1517 2102 1748 2159 pertinent
1767 2100 2048 2158 Abecedarij,

345 2188 456 2229 quos
489 2174 851 2215 Constitutiones
889 2178 1042 2231 aperte
1081 2178 1292 2230 separant
1329 2189 1354 2215 a
1385 2173 1533 2215 tribus
1565 2173 1780 2215 classibus
1814 2174 2050 2215 Gramma-

345 2245 474 2297 ticae,
522 2248 567 2287 et
614 2245 877 2301 significant
922 2261 948 2287 a
986 2245 1163 2287 Nostris
1209 2261 1301 2287 non
1338 2260 1430 2287 esse
1469 2244 1771 2286 instituendos
1810 2243 2048 2285 ordinarie.

346 2316 439 2358 Ubi
471 2331 578 2358 vero
611 2316 917 2358 instituuntur
948 2332 1002 2359 ex
1034 2317 1249 2373 peculiari
1283 2316 1580 2369 concessione,
1613 2331 1702 2357 non
1733 2315 1948 2357 videntur
1970 2314 2048 2357 ad-

348 2387 560 2429 mittendi
593 2388 735 2444 pueri,
768 2388 857 2429 nisi
890 2392 994 2445 post
1026 2388 1328 2444 septennium,
1362 2393 1468 2430 sunt
1499 2388 1618 2429 enim
1643 2391 1747 2428 ante
1766 2386 1851 2428 hoc
1873 2391 2051 2443 tempus

350 2457 653 2500 molestissimi
687 2464 732 2500 et
762 2459 1018 2501 nutricibus
1050 2460 1202 2515 potius
1234 2458 1446 2514 indigent
1478 2473 1613 2514 quarn
1645 2457 1987 2514 ludimagistris.

744 2580 987 2629 Horarum
1027 2580 1207 2628 diuisio
1247 2580 1297 2627 in
1338 2580 1429 2628 hoc
1469 2579 1657 2628 ordine.

494 2672 697 2714 Dimidia
728 2673 972 2715 reddentur
1004 2672 1261 2715 memoriter
1298 2673 1443 2729 primo
1488 2672 1808 2728 descriptiones
1855 2671 2049 2728 partium

351 2743 581 2787 orationis,
633 2744 838 2785 Secundo
871 2745 1022 2800 aliqua
1045 2744 1288 2786 declinatio
1312 2753 1356 2785 et
1376 2743 1655 2798 coniugatio:
1690 2743 1881 2799 singulis
1902 2746 2050 2784 autem

351 2813 539 2856 vocibus
578 2814 823 2856 latinorum
867 2820 1121 2872 temporum
1163 2814 1369 2870 singulae
1409 2818 1586 2856 tantum
1618 2814 1884 2856 vernaculae
1915 2813 2050 2855 inter-

350 2885 626 2943 pretationes
669 2886 928 2940 reddantur,
983 2885 1119 2927 etiam
1175 2885 1223 2926 in
1270 2884 1561 2927 coniunctiuo
1609 2890 1653 2927 et
1697 2884 1941 2937 infinitiuo,
1995 2900 2052 2926 ne

350 2956 592 3014 multiplici
624 2956 994 3014 interpretatione
1024 2955 1201 2998 rudium
1236 2958 1406 2995 mentes
1437 2954 1697 2997 obruantur.

492 3027 696 3069 Dimidia
725 3028 866 3070 altera
893 3027 1197 3085 explicabitur
1224 3027 1502 3068 constructio
1531 3025 1828 3068 intransitiua
1856 3029 1900 3067 et
1931 3025 1979 3067 in
2000 3040 2052 3067 ea

352 3100 480 3158 pueri
512 3099 651 3156 varijs
683 3099 828 3142 modis
858 3103 903 3141 et
934 3099 1152 3155 exemplis
1183 3098 1523 3140 exercebuntur.
