2143 3462
233 1590 259 1613 p.
276 1580 336 1605 122.

240 3102 342 3133 110123.

361 185 417 227 98
555 193 667 228 Ratio
695 188 895 229 studiorum
924 198 961 228 et
988 191 1239 229 institutiones
1265 187 1506 229 scholasticae
1531 188 1725 230 Societatis
1750 190 1840 230 Jesu
1863 190 1903 230 11

499 312 796 361 Quaestiones
836 312 889 354 de
928 312 1248 366 Restitutione,
1292 312 1346 354 de
1385 311 1711 369 EleemosyniS‚
1755 313 1809 356 de
1856 314 2047 370 Ieiunio,

359 384 411 425 de
444 384 675 438 Oratione,
707 384 760 425 de
793 383 1085 439 Oorreptione
1116 382 1321 424 fraterna
1351 383 1646 425 remittantur
1676 384 1734 426 ad
1765 388 1804 428 2.
1838 388 1878 429 2.

497 454 643 496 Multa
675 454 828 508 etiam,
862 469 975 509 quae
1007 453 1063 494 ad
1097 467 1224 494 casus
1259 453 1560 496 conscientiae
1595 459 1822 511 spectant,
1854 457 2049 513 relinqui

355 529 550 582 possent.

985 585 1057 633 De
1096 584 1423 636 Matrimonio.

499 667 812 709 Oinittendum
844 666 1037 720 videtur,
1080 665 1200 720 quod
1232 681 1258 707 a
1290 665 1562 721 quibusdam
1599 666 1672 709 1110
1709 671 1953 724 tractatur,
1991 685 2050 712 an

356 738 599 794 virginitas
630 738 690 779 sit
720 737 882 791 virtus,
917 741 962 778 et
994 736 1140 792 qualis
1171 736 1331 778 virtus.

497 810 571 850 An
625 808 895 850 111010110111111
948 806 1168 849 maleficio
1219 807 1361 863 possit
1414 808 1624 863 dissolui,
1674 809 1871 866 pertinet
1901 811 2050 867 potius

355 880 413 922 ad
445 883 484 924 2.
521 884 559 924 2.

497 951 746 992 Matremne
769 965 826 992 an
845 964 1030 993 vxorem
1054 949 1251 992 occidere
1275 949 1333 992 sit
1351 950 1550 1006 grauius,
1582 965 1675 993 non
1702 955 1768 993 est
1794 951 1928 994 huius
1948 952 2048 995 1001.

496 1022 563 1062 De
583 1021 839 1063 substantia
860 1021 960 1064 voti
983 1026 1076 1063 tam
1096 1021 1328 1077 simplicis,
1363 1036 1499 1077 quam
1525 1021 1737 1063 solemnis
1763 1023 2051 1066 tractandum

355 1092 505 1149 potius
535 1092 717 1135 videtur
748 1092 796 1134 in
829 1095 867 1135 2.
902 1095 942 1136 2.
976 1106 1110 1148 quam
1141 1091 1227 1134 1110.

894 1542 974 1605 Ι)0
1019 1541 1524 1622 Repetitionibus

1104 1699 1219 1764 Cap.
1257 1698 1314 1749 V.

503 1806 571 1859 [1.]
621 1805 892 1862 Praeceptor
947 1809 1050 1861 post
1105 1803 1345 1846 lectionem
1411 1804 1570 1846 saltem
1622 1818 1701 1861 per
1756 1803 2053 1860 quadrantem

359 1880 541 1918 maneat
581 1876 629 1916 in
670 1876 822 1931 aliquo
862 1876 961 1918 1000
1002 1875 1236 1918 commodo
1277 1875 1467 1930 scholae,
1512 1879 1564 1918 vt
1606 1891 1631 1917 a
1669 1874 1868 1930 Nostris,
1908 1875 2051 1917 multo

357 1947 504 2002 magis
545 1947 599 1989 ab
647 1947 843 1988 externis
882 1947 1023 2003 possit
1060 1946 1344 2002 interrogari.
1407 1946 1595 1989 Interim
1635 1946 1832 2004 optabile
1871 1950 1958 2001 est,
2002 1950 2055 1990 vt

359 2018 584 2075 discipuli,
619 2018 696 2074 qui
718 2022 923 2074 possunt,
954 2019 1003 2059 in
1032 2018 1184 2060 schola
1213 2017 1545 2073 contineantur,
1578 2018 1659 2060 vbi
1678 2021 1889 2074 repetant
1919 2016 2052 2072 terni,

357 2089 432 2131 ve]
462 2089 683 2144 quaterni,
715 2104 860 2144 neque
891 2093 1094 2144 surgant,
1125 2088 1215 2130 nisi
1241 2089 1388 2145 pauci,
1424 2089 1502 2145 qui
1524 2089 1745 2131 accedunt
1768 2088 1826 2130 ad
1846 2103 2054 2145 praecep-

358 2163 502 2202 torem
524 2160 897 2215 interrogandum
915 2175 922 2201 :
953 2175 1096 2215 neque
1119 2159 1392 2216 prohibendi
1413 2164 1520 2202 sunt
1539 2160 1695 2202 audire
1718 2164 1827 2202 tune
1848 2174 2054 2216 praecep-

360 2235 504 2272 torem
536 2231 897 2288 respondentem,
940 2231 979 2272 si
1016 2231 1192 2287 possint
1225 2235 1270 2272 et
1300 2231 1457 2274 velint.
1521 2230 1756 2287 Optimum
1784 2244 1892 2272 vero
1924 2229 2054 2285 foret,

359 2302 395 2343 si
443 2302 544 2358 quis
595 2317 620 2344 a
659 2303 957 2359 Praeceptore
1007 2302 1270 2358 designatus
1317 2301 1605 2344 audientibus
1650 2300 1749 2342 aliis
1795 2297 2055 2343 breuissime

359 2377 579 2429 repeteret
610 2373 870 2428 lectionem,
909 2373 984 2415 vel
1016 2373 1104 2415 duo
1137 2377 1285 2415 tresue
1316 2388 1395 2429 per
1424 2375 1595 2430 partes:
1629 2387 1680 2413 ea
1711 2385 1817 2414 vero
1848 2371 2054 2428 repetita,

360 2444 517 2485 fierent
550 2444 940 2500 interrogationes,
975 2444 1031 2486 ad
1052 2459 1162 2500 quas
1184 2444 1472 2501 responderet
1491 2443 1564 2486 vel
1591 2441 1755 2499 aliquis
1777 2442 2037 2485 auditorum
2045 2483 2054 2505 ‚

360 2516 433 2556 ve]
456 2519 736 2572 praeceptor:
772 2531 860 2571 qua
880 2516 929 2557 in
948 2530 1008 2571 re,
1042 2515 1080 2557 si
1095 2515 1338 2557 excedatur
1357 2514 1596 2571 quadranS,
1628 2528 1721 2556 non
1743 2517 1856 2556 esset
1876 2512 2053 2568 inutile,

362 2586 605 2628 dummodo
651 2586 768 2629 adsit
809 2591 1083 2644 praeceptor,
1125 2590 1170 2628 et
1207 2601 1281 2629 eos
1313 2586 1362 2627 in
1394 2584 1540 2627 officio
1574 2584 1817 2627 contineat.
1879 2583 1972 2627 Vbi
2002 2582 2052 2626 id

361 2657 522 2699 durum
557 2668 668 2700 esset
701 2658 912 2714 externis,
951 2673 1020 2700 res
1060 2662 1209 2715 posset
1238 2655 1443 2699 inchoari
1473 2670 1550 2712 per
1580 2655 1789 2697 Nostros:
1832 2654 2056 2712 paulatim

362 2728 436 2783 alij
479 2728 798 2784 inuitarentur,
839 2728 1104 2786 praesertim
1144 2728 1222 2784 qui
1262 2731 1368 2769 sunt
1403 2727 1452 2768 in
1495 2726 1804 2769 conuictorum
1848 2726 2053 2767 alumno-

362 2813 519 2840 rumue
573 2799 786 2855 Collegijs
844 2800 919 2843 vel
973 2798 1427 2855 CongregationibUS.
1516 2797 1640 2848 Quae
1700 2801 1854 2839 tamen
1910 2795 2055 2838 sicubi

365 2870 609 2925 aegerrime
641 2871 811 2912 seruari
842 2875 1048 2927 possunt,
1082 2870 1328 2911 retineatur
1358 2869 1445 2910 1001
1477 2867 1767 2922 consuetudo,
1810 2867 1917 2909 dum
1949 2867 2058 2909 Pro-

364 2941 503 2982 fessor
535 2946 635 2997 post
667 2941 904 2983 lectionem
937 2948 1137 2983 moretur
1169 2940 1492 2996 aliquantisper
1522 2937 1882 2994 interrogandus.

507 3016 544 3056 2.
579 3012 715 3053 Domi
763 3027 940 3068 quoque
984 3012 1096 3053 fiant
1139 3011 1428 3067 repetitiones
1466 3009 1667 3066 quotidie
1707 3012 1883 3065 praeter
1925 3007 2053 3061 festa,

362 3083 621 3126 vacationes
676 3087 720 3124 et
773 3083 1020 3124 sabbatha:
1077 3096 1228 3124 omnes
1279 3081 1426 3138 parati
1476 3080 1700 3138 velniant:
1755 3078 2054 3134 interrogabit
