2153 3467
165 548 315 572 Examinis

211 584 293 607 ratio.

167 1118 317 1150 Quomodo

192 1154 311 1178 serenda

158 1190 310 1214 sententia.

158 1357 197 1382 De
219 1357 326 1382 dubiis.

67 1715 188 1739 silentio
217 1719 327 1738 senten>

111 1751 166 1774 tiae
187 1750 303 1781 suppri-

140 1786 270 1810 mendae.

218 1928 328 1959 Inepti.

125 2710 333 2740 promulgatio.

350 208 436 250 362
539 217 648 252 Ratio
676 219 879 254 studiorum
904 224 942 255 et
965 220 1222 257 institutiones
1248 223 1490 259 scholasticae
1516 223 1714 260 Societatis
1742 225 1832 262 Jesu
1857 227 1895 261 II

349 336 537 391 accedit,
569 338 860 394 conferendo,
904 340 942 381 si
973 355 1086 397 opus
1123 340 1203 395 sit,
1245 356 1346 383 cum
1387 341 1691 397 superioribus
1733 343 1929 399 ejusdem
1970 347 2079 388 anni

351 407 585 463 catalogis,
618 413 681 465 ut,
715 409 823 466 quid
855 410 1044 467 quisque
1073 411 1316 468 profecerit
1358 415 1437 454 aut
1474 413 1757 469 profecturus
1788 415 1870 470 sit,
1903 416 2079 459 facilius

350 483 576 534 appareat.

496 549 570 597 21.
632 551 868 594 Examinis
899 552 1016 594 ratio
1048 552 1157 595 haec
1188 553 1289 596 erit:
1322 553 1519 610 primum
1551 569 1655 597 suae
1685 555 1872 613 quisque
1903 572 2079 615 compo-

351 621 527 663 sitionis
558 628 747 679 partem,
769 623 806 664 si
825 623 1047 677 videatur,
1068 623 1245 678 recitet3
1277 624 1439 667 deinde
1459 629 1606 668 errata
1622 627 1841 682 corrigere
1860 632 1905 670 et
1925 643 2079 670 eorum

350 692 572 735 rationem
603 694 784 736 recidere
821 694 1052 750 jubeatur,
1098 699 1357 752 praecepto,
1390 700 1547 738 contra
1583 697 1704 752 quod
1737 703 1973 755 peccatum
2003 699 2076 755 sit,

350 764 563 807 indicato.
626 766 792 808 Postea
833 765 1142 820 grammaticis
1181 766 1476 809 vernaculum
1523 767 1696 824 aliquid
1739 769 1896 812 statim
1935 770 2080 813 latine

351 835 618 878 vertendum
649 840 940 893 proponatur,
974 851 1216 892 omnesque
1253 836 1307 879 de
1345 837 1596 894 praeceptis
1637 843 1681 880 et
1712 839 1856 895 rebus,
1887 856 2002 896 quae
2031 841 2080 883 in

352 921 529 962 quaque
572 907 725 950 schola
763 906 956 949 traditae
997 911 1121 961 sunt,
1161 906 1514 963 interrogentur.
1577 909 1783 966 Denique
1830 911 1996 967 brevis,
2043 912 2082 954 si

349 976 410 1018 sit
443 993 566 1034 op11S,
599 978 687 1021 loci
719 977 967 1035 cujuspiam
999 993 1053 1021 ex
1084 978 1212 1021 libris
1243 978 1293 1021 in
1323 979 1476 1022 schola
1506 979 1741 1037 explicatis
1771 980 2082 1040 interpretatio

349 1047 574 1104 exigatur.

497 1118 574 1166 22.
638 1121 749 1162 Post
780 1120 995 1177 cujusque
1026 1121 1213 1164 ternarii
1254 1136 1464 1176 examen,
1496 1123 1754 1165 recentibus
1786 1123 1933 1167 adhuc
1964 1125 2082 1168 Exa-

350 1191 626 1233 minatorum
654 1191 852 1247 judiciis,
887 1193 1138 1234 sententiae
1158 1193 1212 1235 de
1232 1192 1522 1248 interrogatis
1541 1192 1757 1248 ferantur,
1790 1193 1948 1238 habita
1966 1211 2083 1238 com-

348 1261 598 1318 positionis,
631 1267 766 1306 notae
800 1278 826 1305 a
859 1263 1082 1318 Magistro
1115 1263 1298 1306 additae
1330 1268 1376 1305 et
1397 1263 1768 1319 interrogationis
1789 1265 1977 1308 ratione.

493 1355 574 1404 23.
640 1357 712 1400 Ad
763 1358 1127 1401 constituendum
1179 1358 1233 1400 de
1285 1357 1436 1400 dubiis
1481 1358 1743 1401 Praefectus
1797 1359 2087 1416 quotidianas

349 1443 503 1472 eorum
535 1429 803 1487 scriptiones
834 1445 911 1487 per
942 1429 1185 1472 intervalla
1218 1429 1387 1485 exigat,
1419 1444 1522 1471 cum
1543 1429 1703 1472 iisdem
1733 1429 1963 1486 judicibus
1986 1446 2088 1473 con-

348 1501 486 1555 ferat,
526 1505 577 1542 ut
614 1516 707 1556 eOS,
749 1502 787 1544 si
828 1502 1057 1556 videatur,
1096 1516 1248 1544 rursus
1288 1500 1483 1542 scribere
1518 1500 1709 1556 jubeant
1740 1505 1786 1544 et
1815 1502 2086 1547 examinent.

347 1574 487 1614 Porro
519 1571 568 1614 in
600 1572 752 1615 dubiis
786 1574 903 1616 ratio
937 1573 1110 1628 aetatis,
1141 1572 1357 1629 temporis
1388 1573 1435 1613 in
1467 1572 1624 1615 eadem
1657 1572 1798 1615 classe
1829 1572 1979 1630 positi,
2012 1572 2081 1615 in-

348 1642 473 1698 genii
504 1657 555 1685 ac
587 1642 852 1699 diligentiae
884 1643 1094 1687 habenda
1127 1643 1225 1686 erit.
1639 1686 1641 1688 ,

492 1713 570 1761 24.
633 1715 823 1758 Peracto
845 1715 1025 1758 demum
1046 1715 1267 1766 examine,
1299 1714 1409 1770 quid
1431 1714 1485 1757 de
1504 1729 1774 1771 unoquoque
1795 1714 2083 1757 statuendum

352 1785 425 1839 sit,
459 1785 639 1829 silentio
681 1787 1007 1844 supprimatur3
1050 1786 1140 1828 nisi
1178 1786 1315 1842 quod,
1355 1790 1596 1842 antequam
1634 1786 1814 1843 publice
1852 1786 2077 1828 recitetur.

348 1871 455 1899 suus
487 1857 648 1914 cuique
679 1858 900 1914 Magistro
934 1858 1167 1914 catalogus
1199 1856 1502 1899 ostendendus
1533 1856 1632 1899 erit.

491 1928 569 1976 25.
633 1929 682 1972 81
714 1930 814 1986 quis
846 1929 906 1971 sit
936 1929 1070 1986 plane
1102 1929 1283 1985 ineptus
1314 1927 1371 1970 ad
1402 1927 1594 1984 gradum
1625 1927 1883 1970 faciendum
1924 1930 2010 1984 (pr.
2043 1933 2082 1971 et

355 2003 500 2042 1532:
545 2001 598 2042 Si
636 2003 734 2056 quis
774 2003 900 2043 malla
931 2001 1102 2043 fratione
1141 2001 1199 2041 ad
1228 2015 1290 2054 qr.
1327 2000 1415 2054 faa.
1452 2001 1653 2042 videntem·
1683 2001 1899 2055 idoneus),
1930 1999 2082 2042 nullus

349 2071 655 2128 deprecationi
695 2071 753 2113 sit
793 2072 931 2115 locus.
994 2070 1044 2113 Si
1083 2070 1184 2127 quis
1224 2085 1356 2126 aegre
1393 2070 1576 2127 quidem
1615 2075 1768 2127 aptus,
1806 2070 1884 2112 sed
1929 2075 2082 2112 tamen

349 2148 530 2200 propter
563 2147 769 2197 aetatem,
802 2148 978 2199 tempus
1010 2142 1058 2183 in
1093 2141 1248 2184 eadem
1280 2142 1417 2184 classe
1448 2141 1645 2199 positum
1668 2146 1748 2184 aut
1780 2141 1916 2184 aliam
1947 2142 2082 2183 ratio-

348 2230 452 2256 nem
482 2213 814 2271 promovendus
845 2213 1066 2268 videatur,
1099 2213 1147 2256 id
1179 2229 1231 2256 ea
1262 2213 1544 2268 conditione,
1577 2212 1665 2255 nisi
1698 2212 1808 2269 quid
1841 2212 2080 2259 obstiterit,

349 2287 444 2340 fiat,
476 2291 540 2340 ut,
574 2287 611 2328 si
633 2286 781 2328 minus
801 2300 928 2327 suam
949 2284 1169 2341 Magistro
1193 2284 1396 2341 probarit
1415 2284 1701 2338 industriam,
1735 2283 1792 2326 ad
1823 2282 2080 2325 inferiorem

350 2357 548 2399 scholam
588 2356 866 2410 remittatur,
905 2371 986 2398 nec
1027 2355 1075 2398 in
1114 2356 1322 2411 catalogo
1355 2355 1449 2411 ejus
1479 2354 1595 2396 ratio
1627 2354 1859 2397 habeatur.
1923 2354 1972 2397 Si
2003 2355 2081 2411 qui

350 2427 544 2483 denique
575 2428 641 2470 ita
673 2429 764 2469 sint
796 2427 1003 2480 inutiles,
1041 2431 1095 2469 ut
1133 2442 1215 2469 nec
1256 2441 1331 2468 eos
1361 2425 1616 2482 promoveri
1647 2425 1815 2479 deceat,
1847 2439 1929 2467 nec
1959 2425 2079 2468 ullus

351 2498 396 2539 in
430 2499 610 2555 propria
642 2499 781 2542 classe
813 2498 986 2540 fructus
1017 2502 1230 2555 speretur,
1264 2501 1426 2553 agatur
1460 2511 1561 2538 cum
1593 2497 1799 2550 Hectore,
1831 2500 1896 2549 ut,
1928 2510 2081 2538 eorum

351 2570 613 2625 parentibus
660 2575 739 2612 aut
789 2569 1070 2612 curatoribus
1116 2567 1453 2626 perhumaniter
1500 2568 1759 2622 admonitiS,
1807 2567 1957 2610 locum
1988 2582 2080 2610 non

352 2648 584 2697 occupent.

497 2710 575 2757 26.
640 2712 827 2754 Publice
859 2710 1267 2769 promovendorum
1291 2710 1538 2766 Catalogus
1569 2710 1642 2751 vel
1664 2709 1720 2752 ad
1742 2709 1946 2765 singulas
1966 2725 2079 2751 seor-

355 2781 435 2823 sim
472 2781 632 2823 classes
664 2784 735 2825 vel
774 2783 821 2825 in
861 2783 964 2826 aula
996 2782 1129 2824 simul
1168 2781 1225 2823 ad
1267 2796 1420 2823 omnes
1457 2781 1688 2823 recitetur.
1753 2780 1802 2822 Si
1834 2780 1912 2836 qui
1944 2781 2079 2835 longe

353 2853 470 2895 inter
490 2858 686 2895 caeteros
709 2855 950 2909 emineant,
971 2852 1106 2911 primi
1128 2851 1310 2894 honoris
1331 2866 1465 2893 causa
1485 2851 1790 2906 nominentur,
1824 2851 1873 2892 in
1893 2851 2080 2893 caeteris

359 2924 587 2980 alphabeti
620 2925 691 2966 vel
725 2925 955 2967 doctrinae
987 2924 1096 2966 ordo
1128 2921 1394 2967 servabitur.

502 3005 574 3052 27.
638 3006 760 3048 Ante
782 3006 1157 3050 instaurationem
1172 3005 1421 3047 studiorum
1447 3006 1500 3047 de
1523 3005 1731 3060 catalogo
1752 3004 1983 3057 librorum,
2002 3003 2080 3059 qui

358 3093 408 3119 eo
442 3092 559 3120 anno
592 3077 846 3134 explicandi
879 3082 986 3119 sunt
1015 3076 1062 3118 in
1094 3075 1259 3118 scholis
1291 3076 1468 3131 nostris,
1502 3076 1778 3118 conficiendo
1810 3078 1984 3116 mature
2014 3088 2079 3115 re-

357 3150 472 3192 ferat
506 3149 562 3191 ad
595 3149 846 3203 Rectorem,
878 3153 931 3191 ut
960 3163 1029 3190 res
1060 3163 1163 3190 cum
1184 3147 1418 3190 Praefecto
1438 3146 1639 3203 generali
1660 3151 1704 3188 et
1726 3160 1827 3188 cum
1849 3144 2079 3200 Magistris
