2143 3462
238 1994 253 2007 ›.
267 1983 327 2007 326.

334 195 422 236 214
524 203 634 238 Ratio
662 204 863 239 studiorum
890 210 928 238 et
955 203 1207 239 institutiones
1232 203 1476 238 scholasticae
1500 203 1693 239 Societatis
1717 205 1807 240 Jesu
1833 205 1871 240 II

478 325 544 366 18.
579 322 693 364 Cum
727 322 922 363 Hebraei
956 322 1176 364 Grraecive
1218 321 1392 363 codices
1432 323 1646 364 contrarii
1684 338 1775 366 non
1807 329 1914 365 sunt
1944 325 2031 366 La-

334 395 462 448 tinis⁷
510 394 586 436 sed
634 393 822 444 diversi,
874 394 911 434 si
960 407 1094 449 quarn
1142 407 1297 434 eorum
1345 392 1586 435 lectionem
1634 394 1791 435 Patres
1835 395 2035 451 plerique

334 480 489 506 omnes
520 465 828 522 incorruptam
862 480 954 505 esse
986 468 1225 518 testantur,
1260 478 1357 505 eam
1391 463 1699 507 authenticam
1733 480 1826 507 esse
1858 467 2036 509 creden-

337 536 443 578 dum
477 541 556 581 est.

478 624 545 664 19.
579 620 633 661 In
671 620 825 675 ijsdem
868 619 905 660 si
947 619 1001 660 de
1042 619 1232 660 alicuius
1271 619 1505 661 Hebraeae
1538 620 1792 661 Graecaeve
1832 620 2037 662 lectionis

334 691 610 748 synceritate
645 691 736 746 [sic]
770 706 862 732 non
901 689 1180 732 conueniunt
1212 691 1367 732 Patres
1400 694 1479 732 aut
1510 690 1626 732 nihil
1667 690 1846 746 dicunt,
1890 706 2039 734 recen-

338 764 474 805 tiores
505 778 612 805 vero
644 778 741 804 eam
774 762 1082 818 incorruptam
1123 777 1215 803 esse
1255 761 1538 819 praedicant,
1578 762 1827 819 probabilis
1870 763 1955 805 erit
1995 768 2039 805 et

337 835 553 890 vulgatae
586 834 778 875 Latinae
810 832 1178 889 explanationem
1210 833 1377 889 poterit
1409 832 1637 875 adiuuare.

480 921 548 961 20.
584 916 900 959 Tridentinum
950 915 1205 958 Concilium
1261 932 1352 958 non
1409 917 1553 959 solum
1601 916 1650 959 in
1697 915 2041 973 quaestionibus

340 988 470 1031 Fidei
492 993 537 1030 et
558 1003 747 1041 morum,
780 987 856 1029 sed
889 986 936 1029 in
970 987 1180 1029 omnibus
1210 987 1345 1044 plane
1377 987 1508 1030 rebus
1535 987 1773 1043 vulgatam
1797 987 2042 1030 editionem

340 1060 448 1102 fecit
480 1059 800 1103 authenticam.

483 1147 552 1188 21.
587 1142 794 1186 Christus
832 1148 877 1184 et
914 1141 1123 1198 Apostoli
1164 1157 1256 1184 non
1289 1141 1545 1197 allegarunt
1580 1141 1835 1198 Scripturas
1866 1157 1944 1199 per
1973 1159 2044 1185 ac-

342 1214 751 1256 commodationem
789 1213 846 1256 ad
886 1229 978 1255 rem
1020 1228 1167 1267 suam,
1216 1212 1291 1254 sed
1337 1213 1467 1255 iuxta
1506 1228 1684 1255 sensum
1723 1228 1881 1255 verum
1921 1213 2044 1256 illius

340 1286 428 1328 loci
460 1292 505 1327 et
536 1285 763 1327 intentum
796 1301 822 1327 a
855 1285 1029 1341 Spiritu
1063 1285 1242 1327 Sancto.

487 1373 556 1413 ⁶22.
591 1370 672 1423 Ea,
694 1383 807 1424 quae
828 1369 876 1410 in
897 1369 1089 1423 vulgata
1115 1368 1314 1409 editione
1328 1367 1567 1421 habentur,
1600 1383 1683 1409 nec
1703 1368 1868 1422 verius,
1900 1383 2045 1424 neque

344 1440 608 1497 simpliciter
639 1440 799 1482 melius
832 1439 949 1482 verti
987 1444 1190 1496 potuere:
1237 1438 1389 1494 aliqua
1431 1444 1586 1481 tamen
1625 1439 1790 1482 clarius
1827 1445 1872 1481 et
1908 1440 2048 1494 signi-

346 1512 553 1553 ficantius
585 1511 702 1553 verti
734 1511 933 1568 potuisse
963 1511 1079 1552 nihil
1109 1510 1344 1567 prohibet,
1378 1526 1461 1553 nec
1491 1526 1668 1553 necesse
1699 1515 1787 1565 est,
1821 1511 2046 1568 Spiritum

345 1584 562 1626 Sanctum
596 1583 792 1624 astitisse
824 1582 1017 1638 singulis
1049 1582 1186 1624 etiam
1218 1583 1379 1625 verbis.

489 1671 558 1710 23.
591 1666 749 1722 Aliqui
782 1666 955 1709 codices
986 1667 1201 1721 vulgatae
1233 1665 1445 1708 editionis
1483 1670 1671 1722 possunt
1701 1681 1792 1708 esse
1824 1666 2048 1709 mendosi:

347 1754 438 1779 non
472 1737 654 1795 expedit
684 1743 836 1779 tamen
869 1754 895 1780 a
916 1738 1093 1779 Nostris
1133 1738 1296 1792 doceri⁷
1330 1738 1562 1779 vniuersos
1590 1738 1806 1795 vulgatae
1838 1738 2050 1780 editionis

349 1809 523 1851 codices
544 1809 592 1850 in
617 1808 847 1865 aliquibus
867 1809 978 1851 locis
993 1825 1085 1851 esse
1103 1824 1237 1863 nunc,
1271 1824 1349 1851 seu
1371 1809 1618 1865 aliquando
1640 1809 1777 1852 fuisse
1799 1809 2050 1865 mendosos,

348 1896 403 1922 ne
435 1880 482 1922 in
514 1895 704 1923 numero
735 1880 930 1936 quidem.

493 1967 561 2008 24.
597 1964 646 2006 Si
688 1964 808 2020 quod
846 1968 998 2006 tamen
1038 1964 1270 2018 mendum,
1322 1964 1443 2020 quod
1490 1964 1537 2005 in
1576 1963 1784 2005 omnibus
1819 1964 2050 2006 codicibus

351 2036 529 2077 Latinis
552 2050 674 2077 nunc
695 2040 830 2089 extet,
863 2035 1183 2092 suspicandum
1207 2042 1333 2089 esset⁷
1368 2035 1412 2076 id
1434 2035 1586 2092 potius
1609 2035 1881 2090 insinuetur,
1913 2049 2049 2091 quam

351 2111 589 2161 asseratur,
623 2122 704 2149 nec
735 2107 831 2149 sine
862 2107 1143 2162 grauissimis
1175 2107 1409 2149 autoribus
1442 2109 1487 2147 et
1521 2105 1801 2148 coniecturis.

1032 2253 1102 2301 De
1139 2252 1374 2301 Ecclesia.

498 2363 534 2401 1.
568 2359 688 2400 Vera
710 2359 794 2399 Dei
818 2358 1020 2400 Ecclesia
1052 2357 1248 2400 visibilis
1280 2362 1359 2410 est,
1392 2372 1507 2412 quae
1538 2356 1586 2397 in
1618 2361 1802 2397 externo
1834 2356 1973 2403 cultu,
2005 2356 2054 2397 in

355 2434 540 2471 externa
596 2430 871 2486 professione
922 2429 1025 2471 fidei
1080 2434 1124 2470 et
1170 2429 1217 2470 in
1263 2429 1658 2470 sacramentorum
1706 2426 2054 2483 participatione

355 2502 660 2543 communicat
692 2516 794 2542 611111
827 2516 933 2543 vero
966 2502 1112 2557 capite
1144 2506 1189 2542 et
1210 2499 1381 2541 Christi
1404 2498 1600 2551 Vicari0‚
1632 2498 1710 2554 qui
1732 2502 1799 2539 est
1821 2498 2054 2539 Romanus

357 2571 584 2617 Pontifex,

501 2658 539 2698 2.
575 2655 626 2696 In
660 2660 756 2696 tota
789 2655 872 2697 hac
903 2655 1106 2697 Ecclesia
1136 2654 1308 2696 visibili
1347 2668 1455 2695 vera
1492 2652 1601 2694 fides
1640 2652 1828 2694 interior
1868 2651 2056 2694 deficere

358 2741 449 2766 non
483 2730 644 2782 potest,
677 2725 783 2767 licet
813 2726 939 2767 illam
973 2726 1019 2767 in
1053 2725 1246 2781 singulis
1277 2740 1376 2774 6556,
1400 2738 1491 2765 11011
1523 2724 1583 2765 sit
1614 2723 1925 2765 necessarium.

501 2811 539 2852 3.
578 2808 685 2849 Fide
734 2808 937 2849 interiori
988 2814 1033 2850 et
1080 2808 1338 2864 baptismali
1379 2807 1637 2849 charactere
1680 2805 1896 2862 praediti,
1949 2806 2056 2847 licet

359 2882 612 2936 peccatores
645 2878 748 2930 sint,
781 2893 871 2920 non
904 2879 1012 2920 viua
1042 2878 1238 2934 quidem,
1270 2877 1447 2934 proprie
1480 2882 1643 2932 tamen,
1675 2891 1781 2919 vere
1812 2880 1857 2918 et
1888 2876 2058 2933 simpli-

361 2950 473 2991 citer
505 2949 707 2991 membra
738 2954 844 2990 sunt
877 2948 1113 2990 Ecclesiae.

503 3036 544 3076 4.
579 3031 950 3086 Gatechumenus,
983 3031 1092 3073 licet
1124 3030 1281 3084 fidelis,
1315 3045 1404 3072 non
1437 3035 1503 3072 est
1524 3029 1788 3087 simpliciter
1808 3030 2058 3072 membrum

363 3103 601 3158 Ecclesiae.
635 3102 710 3145 sed
732 3102 974 3145 secundum
998 3102 1108 3160 quid
1130 3107 1174 3145 et
1197 3102 1424 3155 inchoate3
1458 3116 1539 3144 nec
1561 3116 1761 3156 numero,
1784 3100 1861 3143 sed
1884 3100 2056 3144 merito.
