2148 3402
507 194 550 232 R.
578 200 624 232 st.
650 195 753 233 1586.
802 193 967 231 studium
996 193 1130 239 philos.
1181 193 1369 230 Mathesis.
1692 184 1771 227 141
1822 184 1825 187 ¹

83 316 396 370 immortalem,
435 330 519 358 nec
549 329 689 359 vnam
727 314 776 356 in
815 313 1037 368 omnibus,
1078 317 1123 355 et
1158 313 1229 355 ita
1269 313 1521 354 naturalem
1559 328 1651 355 esse
1683 327 1776 356 cor-

83 387 204 444 poris
235 386 442 441 formam,
475 390 527 429 vt
558 384 763 428 definitio
795 384 990 427 Animae
1022 384 1078 427 ab
1107 383 1357 426 Aristotele
1388 383 1556 425 tradita
1588 384 1627 425 ei
1658 398 1775 426 oom-

82 461 209 515 petat
239 457 444 512 vniuoce,
477 457 722 499 secundum
755 455 947 513 gradum
978 455 1117 498 etiam
1148 453 1492 497 intellectiuum.

224 528 254 570 l.
299 528 468 571 Anima
510 527 757 582 rationalis,
807 526 915 569 dum
953 531 1020 569 est
1056 527 1105 568 in
1143 540 1326 583 corpore
1364 530 1409 566 et
1439 529 1490 567 vt
1529 529 1596 566 est
1632 524 1776 566 forma

85 599 296 657 corporiS,
330 599 386 642 ab
417 614 468 642 eo
498 613 592 641 non
621 598 853 655 dependet,
886 597 963 640 sed
993 612 1096 640 vere
1117 612 1170 640 ae
1192 596 1372 654 proprie
1394 611 1473 653 per
1494 611 1538 638 se
1557 596 1775 638 subsistit.

226 685 282 714 m.
300 671 404 713 Non
439 673 641 725 negetur,
684 683 775 710 esse
817 668 1017 725 aliquam
1055 668 1305 726 potentiam
1344 667 1565 709 motiuam
1596 666 1645 708 in
1676 667 1777 708 sub-

85 742 254 784 stantia
285 740 474 794 animae,
506 754 584 797 per
615 754 750 795 quam
782 739 934 782 anima
965 743 1169 796 separata
1193 754 1271 796 per
1293 754 1338 781 se
1359 754 1538 781 mouere
1559 753 1604 780 se
1623 737 1775 794 possit.

225 827 270 854 n.
299 812 393 854 Nee
413 811 620 865 Brutum,
647 825 729 852 neo
749 810 946 852 hominis
968 811 1215 867 oogitatiua
1240 810 1497 852 discurrunt
1517 809 1774 851 formaliter.

226 897 265 925 ο.
297 883 401 925 Non
432 882 569 925 datur
600 896 753 923 sensus
785 882 951 938 Agens.

225 969 268 1010 p.
300 951 373 995 Ab
405 952 627 1010 Appetitu
665 952 881 994 sensitiuo
921 967 999 995 seu
1030 952 1278 995 Voluntate
1317 967 1409 994 non
1441 951 1590 993 minus
1621 952 1780 993 distin-

86 1025 243 1080 guitur
261 1024 475 1066 Potentia
505 1024 690 1078 motiua,
724 1038 860 1079 quam
881 1023 1147 1065 Intellectus
1169 1023 1244 1066 vel
1266 1023 1565 1078 Imaginatio:
1598 1022 1781 1064 tametsi

86 1095 167 1137 has
196 1095 423 1152 potentias
455 1095 512 1136 ab
543 1095 719 1137 animae
746 1094 970 1151 Angeliue
1003 1094 1259 1136 substantia
1290 1094 1469 1135 realiter
1501 1094 1781 1148 distinguere

88 1166 315 1221 cogendus
345 1166 406 1208 sit
437 1166 600 1208 nullus.

230 1238 292 1279 Et
323 1237 439 1279 aliae
469 1237 516 1279 id
548 1251 690 1292 genus
721 1237 967 1293 opiniones.

641 1616 720 1679 De
764 1615 1225 1680 Mathematicis,

236 1747 314 1804 [1.]
349 1746 705 1789 Constitutiones
736 1751 776 1791 4.
810 1748 933 1789 Part.
969 1748 1073 1803 Cap.
1112 1751 1178 1791 12.
1213 1749 1276 1790 C.:
1344 1748 1670 1804 „Traembit-ur,
1718 1748 1784 1788 iu-

94 1818 270 1874 quiunt,
308 1819 491 1874 Logica,
531 1818 737 1874 Physica,
777 1818 1101 1875 Metaphysica,
1140 1819 1325 1860 Moralis
1356 1819 1543 1860 scientia
1574 1823 1618 1860 et
1649 1819 1782 1860 etiam

93 1889 451 1945 Mathematicae,
484 1895 705 1945 quatenus
738 1894 888 1932 tamen
919 1889 977 1931 ad
1008 1890 1145 1931 finem
1175 1890 1304 1932 nobis
1324 1890 1605 1946 propositum
1628 1904 1786 1931 conue—

94 1960 270 2002 niunt.“
306 1986 358 1991 ———
392 1960 642 2002 Conuenire
689 1964 835 2002 autem
882 1960 1097 2003 videntur
1141 1975 1233 2002 non
1278 1976 1459 2018 parum,
1507 1976 1596 2002 non
1641 1962 1782 2002 solum

96 2031 202 2087 quia
233 2031 327 2072 sine
360 2030 692 2073 Mathematicis
713 2031 982 2073 Academiae
1014 2037 1192 2073 nostrae
1226 2047 1391 2087 magno
1425 2036 1625 2073 carerent
1656 2047 1784 2073 orna-

94 2105 258 2156 mento,
291 2102 401 2158 quin
433 2105 476 2143 et
501 2102 688 2143 mutilae
718 2101 879 2157 forent,
914 2118 1016 2144 cum
1049 2103 1173 2145 nulla
1205 2103 1263 2143 sit
1294 2102 1385 2144 fere
1406 2103 1541 2158 paulo
1575 2103 1788 2144 celebrior

96 2173 355 2227 Academia,
400 2173 449 2215 in
488 2188 576 2229 qua
616 2188 721 2215 suus
758 2188 851 2214 non
890 2173 965 2228 sit,
1013 2179 1057 2215 et
1095 2174 1277 2230 quidem
1320 2188 1411 2215 non
1444 2173 1632 2215 vltimus
1665 2173 1788 2215 locus

95 2243 428 2286 Mathematicis
466 2244 734 2300 disciplinis:
788 2243 864 2285 sed
907 2244 1050 2286 multo
1093 2245 1231 2287 etiam
1263 2245 1421 2301 magis,
1470 2245 1576 2300 quia
1607 2246 1787 2287 illarum

97 2314 319 2372 praesidio
365 2319 563 2357 caeterae
610 2329 785 2371 quoque
832 2315 1045 2357 scientiae
1091 2316 1302 2371 indigent
1347 2317 1602 2358 admodum.
1678 2317 1788 2357 Illae

99 2401 278 2441 nanque
309 2386 598 2443 suppeditant
638 2390 774 2442 atque
806 2391 1038 2443 exponunt
1069 2388 1222 2429 Poetis
1255 2392 1378 2429 ortus
1411 2402 1681 2442 occasusque
1713 2403 1787 2443 sy-

99 2456 273 2499 derum:
328 2457 570 2498 Historicis
614 2457 814 2499 locorum
860 2457 995 2499 facies
1042 2462 1176 2513 atque
1215 2458 1478 2500 interualla:
1532 2458 1789 2514 Analyticis

100 2526 344 2569 solidarum
380 2528 581 2584 exempla
617 2528 1072 2570 demonstrationum:
1124 2529 1330 2571 Politicis
1379 2533 1496 2570 artes
1542 2529 1675 2585 plane
1715 2529 1789 2570 ad-

101 2597 328 2640 mirabiles
371 2613 517 2640 rerum
560 2597 671 2641 bene
718 2599 1013 2654 gerendarum
1051 2600 1174 2641 domi
1225 2599 1524 2656 militiaeque:
1581 2599 1789 2656 Physicis

102 2668 359 2711 coelestium
389 2669 745 2722 conuersionum,
786 2670 911 2724 lucis,
957 2671 1170 2725 colorum,
1205 2671 1545 2728 diaphanorum,
1579 2686 1785 2713 sonorum

102 2738 267 2781 formas
298 2744 342 2781 et
373 2740 651 2784 discrimina:
684 2741 1006 2798 Metaphysicis
1040 2742 1339 2798 Sphaerarum
1372 2746 1504 2798 atque
1533 2742 1789 2797 Intelligen-

102 2809 269 2852 tiarum
314 2825 569 2856 numerum:
621 2812 863 2868 Theologis
907 2812 1166 2870 praecipuas
1213 2813 1359 2854 diuini
1407 2812 1573 2869 opificij
1620 2817 1787 2868 partes:

103 2879 198 2922 Iuri
236 2887 280 2923 et
323 2882 634 2924 consuetudini
673 2883 1013 2925 Ecclesiastieae
1058 2887 1288 2925 accuratas
1334 2888 1585 2939 temporum
1627 2898 1788 2938 suppu-

104 2951 309 2996 tationes.
358 2952 419 2994 Vt
437 2956 770 3008 praetereantur
791 2954 961 2995 interea
982 2969 1095 3009 quae
1116 2970 1169 2995 ex
1192 2954 1617 2996 Mathematicorum
1638 2954 1786 2994 labore

1807 1663 1831 1683 μ.
1849 1654 1906 1677 196.

103 3021 358 3064 redundant
390 3023 438 3064 in
470 3022 824 3079 Remflpublicam
856 3025 1077 3066 vtilitates
1108 3025 1157 3066 in
1188 3025 1446 3066 morborum
1468 3023 1787 3075 curationibus,
1811 3049 1833 3069 1„
1854 3044 1897 3060 w·

105 3091 152 3132 in
186 3093 568 3148 nauigationibim,
600 3094 644 3135 iu
680 3095 980 3148 agricolarum
1012 3095 1176 3137 studio
1241 3095 1506 3137 Cenandum
1538 3093 1678 3148 igitur
1708 3097 1787 3148 est,
