2089 3381
367 156 409 190 R.
438 158 482 190 st.
501 156 600 190 1586.
628 155 756 190 Utrum
782 154 1000 198 quinquenn.
1028 164 1073 187 an
1100 152 1314 196 quadrienn.
1340 152 1479 187 theol?
1711 141 1766 184 75

80 273 135 315 ad
174 273 484 328 magisterium
523 274 793 328 Theologiae
824 273 895 314 vel
936 271 1267 328 Philosophiae,
1314 276 1511 314 caeteros
1557 271 1694 313 solere
1741 286 1767 312 a

76 344 378 400 superioribus
411 345 564 387 statim
595 349 696 401 post
728 350 921 400 quatuor
953 358 1094 384 annos
1127 342 1332 398 occupari
1359 342 1431 384 vel
1464 342 1511 382 in
1544 341 1767 383 concioni-

78 415 173 469 bus,
207 415 279 457 vel
312 416 359 457 in
392 415 759 468 confessionibus,
792 415 865 457 vel
898 415 945 456 in
978 414 1140 455 scholis
1172 413 1474 466 inferioribus,
1509 413 1579 454 vel
1613 412 1660 453 in
1693 412 1768 453 ad—

76 485 484 528 ministrationibus
516 487 715 528 locorum
749 485 998 538 Societatis,
1031 485 1095 526 ita
1126 488 1190 538 ut,
1224 484 1261 524 si
1294 498 1405 539 quas
1436 482 1645 524 materias
1676 497 1767 523 non

76 557 326 612 audierunt,
359 559 485 614 nulla
515 558 689 613 reliqua
720 557 778 598 sit
808 571 906 613 spes
938 556 1028 597 illis
1060 554 1269 597 studendi
1301 554 1496 595 seorsim.

218 631 257 673 5.
291 629 438 670 Multo
471 629 610 670 satius
643 632 708 670 est
738 627 852 669 inire
885 627 1068 668 modum
1091 625 1271 681 legendi
1292 625 1474 678 bonum,
1509 638 1644 679 quam
1661 628 1770 664 tem—

78 714 161 756 pus
193 700 445 741 extendere.
509 700 608 741 Hoc
640 699 759 740 enim
791 702 835 740 et
865 701 996 740 nocet
1016 697 1162 751 Valde,
1196 711 1278 737 nec
1300 710 1473 752 semper
1494 695 1592 736 fieri
1611 698 1769 751 potest.

75 769 198 812 Illud
229 785 334 813 vero
374 775 420 812 et
460 785 536 827 per
577 785 621 811 se
661 769 961 826 expetendum
1006 772 1086 821 est,
1134 771 1190 822 et,
1238 766 1275 807 si
1315 766 1594 820 adhibeatur,
1642 764 1770 806 nulla

75 841 290 897 temporis
338 841 657 897 prorogatione
706 840 1026 896 indigebimus,
1080 838 1337 881 circuncisis
1387 837 1470 891 his,
1532 850 1645 892 quae
1696 835 1770 877 vel

74 910 273 966 inutilia,
304 912 377 954 vel
410 912 558 953 minus
590 911 838 953 necessaria
870 915 989 965 sunt,
1021 914 1073 954 vt
1103 910 1225 952 infra
1256 908 1598 966 praescribetur.

215 985 254 1026 6.
289 982 455 1024 Iisdem
501 983 556 1024 de
604 983 749 1025 causis
791 998 873 1026 nec
913 981 1213 1025 necessarium
1252 984 1319 1022 est
1355 979 1517 1022 addere
1544 979 1551 1036 Ι
1579 977 1765 1019 tertium
1787 1002 1816 1026 p.
1838 995 1883 1019 84.

74 1053 315 1095 Doctorem
348 1054 690 1108 Scholasticum,
728 1058 826 1096 tum
868 1055 974 1110 quia
1005 1053 1198 1095 nimium
1229 1054 1521 1094 onerarentur
1552 1049 1768 1104 Collegia,
1793 1094 1794 1097 Ἴ

73 1127 172 1166 tum
210 1125 317 1179 quia
357 1124 717 1181 opprimerentur
754 1125 975 1167 scholares
1013 1128 1083 1166 tot
1121 1123 1405 1177 lectionibUS,
1454 1126 1553 1164 tum
1585 1120 1692 1177 quia
1721 1119 1770 1161 in

74 1194 334 1237 auditorum
379 1196 781 1238 exercitationibus
827 1196 876 1238 in
921 1199 1012 1237 tres
1060 1194 1263 1237 doctores
1306 1192 1563 1235 diuidendis
1601 1205 1771 1246 magna

73 1270 186 1308 esset
226 1266 443 1321 confusio,
486 1271 585 1309 tum
617 1266 723 1323 quia
755 1266 997 1323 aliquando
1028 1280 1173 1321 neque
1203 1265 1340 1307 tertio
1373 1268 1521 1306 essent
1552 1261 1769 1316 contenti,

74 1336 151 1378 sed
196 1341 399 1393 peterent
445 1338 581 1380 etiam
629 1342 853 1394 quartum,
902 1352 989 1393 quo
1031 1336 1217 1379 liberius
1256 1339 1438 1393 possent
1467 1333 1637 1390 singuli
1669 1347 1771 1375 suas

73 1408 283 1450 materias
314 1409 601 1466 locupletare,
639 1414 737 1451 tum
770 1409 876 1465 quia
906 1423 999 1450 non
1029 1412 1125 1450 tam
1162 1407 1297 1449 multi
1328 1409 1574 1463 suppetunt
1603 1403 1771 1460 ubique

76 1478 279 1521 doctores
310 1480 494 1536 egregij,
527 1481 679 1536 quales
712 1483 890 1537 oportet
923 1494 1014 1521 esse
1045 1478 1317 1534 Theologiae
1348 1476 1640 1530 Professores,
1672 1479 1770 1517 tum

75 1549 181 1605 quia
211 1550 406 1592 addendi
434 1556 580 1593 essent
599 1552 747 1609 plures
769 1551 992 1608 discipuli,
1027 1550 1105 1606 qui
1123 1553 1306 1607 possent
1326 1548 1516 1591 subinde
1537 1546 1771 1589 succedere

73 1622 448 1679 praeceptoribUS,
493 1637 646 1665 eorum
686 1627 817 1665 aucto
848 1636 1048 1676 numero,
1087 1625 1187 1663 tum
1218 1621 1324 1677 quia
1354 1618 1563 1673 remedia,
1608 1617 1771 1674 quibus

75 1691 225 1747 quinti
242 1694 348 1734 anni
367 1694 608 1736 necessita-s
624 1694 814 1749 tollitur,
834 1693 1005 1736 tollunt
1022 1697 1068 1734 et
1084 1691 1390 1748 indigentiam
1407 1689 1527 1746 tertij
1547 1689 1770 1732 Doctoris.

217 1763 416 1806 Tametsi
447 1764 530 1807 hae
562 1766 761 1807 rationes
791 1764 912 1807 tanti
942 1763 1154 1821 ponderis
1186 1778 1278 1805 esse
1310 1777 1403 1805 non
1433 1761 1687 1815 videantur,
1719 1763 1772 1802 vt

73 1849 297 1891 nusquam
329 1842 418 1878 tres
449 1837 753 1879 Scholasticae
786 1835 1061 1892 Theologiae
1093 1834 1372 1877 Professores
1405 1831 1628 1876 tolerandi
1659 1831 1769 1873 sint:

75 1905 289 1956 Quinimo
330 1907 515 1950 concedi
554 1911 735 1965 possent
766 1912 865 1950 tum
895 1907 977 1950 vbi
1006 1906 1178 1964 primae
1209 1904 1494 1948 fundationis
1531 1904 1648 1946 ratio
1680 1906 1771 1945 tres

75 1977 238 2034 exigit;
271 1982 370 2021 tum
399 1979 475 2022 Vbi
507 1980 633 2022 nulla
662 1983 728 2021 est
758 1979 891 2021 lectio
915 1979 1113 2021 Casuum
1135 1982 1180 2020 et
1201 1991 1334 2032 aegre
1355 1979 1505 2034 potest
1523 1973 1769 2028 introduci;

73 2052 171 2091 tum
185 2051 457 2105 generaliter
469 2051 727 2106 vbicunque
741 2050 934 2106 Collegii
946 2053 1192 2107 prouentus
1213 2048 1326 2091 ferre
1347 2050 1535 2104 possunt
1554 2044 1774 2088 eiusmodi

75 2125 317 2177 sumptum,
335 2137 416 2164 nec
444 2122 569 2164 deest
596 2122 725 2179 copia
746 2121 1069 2173 Professorum,
1099 2124 1144 2162 et
1163 2120 1422 2162 auditorum
1443 2123 1541 2160 tam
1559 2130 1772 2160 numerus

74 2205 209 2246 quam
237 2192 449 2234 valetudo
475 2196 545 2234 tot
572 2192 841 2236 lectionibus
861 2192 1008 2249 impar
1029 2206 1122 2234 non
1141 2195 1220 2233 est.
1275 2191 1400 2233 Haec
1433 2189 1773 2246 quibuscunque

77 2262 292 2318 Collegijs
328 2268 504 2319 praesto
545 2264 726 2319 fuerint,
774 2263 915 2306 satius
955 2268 1020 2305 est
1059 2267 1149 2305 tres
1188 2276 1281 2304 esse
1319 2261 1616 2303 Professores:
1666 2258 1774 2315 quia

74 2333 252 2376 leuatur
276 2334 588 2377 Professorum
619 2335 749 2378 labor
779 2334 952 2377 diuisus
982 2334 1031 2376 in
1062 2335 1224 2392 plureS,
1257 2348 1340 2375 nec
1371 2332 1564 2388 quilibet
1594 2330 1774 2387 cogitur

75 2404 219 2446 multa
266 2405 445 2447 assiduo
493 2406 643 2448 studio
691 2405 921 2462 colligere,
978 2420 1033 2447 ex
1078 2405 1243 2461 quibus
1288 2420 1434 2462 pauca
1479 2403 1679 2461 proferat
1723 2402 1773 2444 in

74 2475 327 2532 publicum:
360 2477 406 2518 id
437 2477 558 2532 quod
582 2477 715 2519 valde
736 2477 1012 2519 laboriosum
1036 2481 1102 2518 est
1123 2481 1167 2519 et
1189 2476 1531 2533 quaestionibus
1552 2473 1773 2517 maturius

76 2546 386 2588 examinandis
424 2547 774 2590 incommodum.
834 2548 979 2603 Adde,
1025 2548 1159 2604 quod,
1207 2563 1309 2590 011111
1351 2547 1532 2605 publice
1570 2544 1772 2588 docendo

77 2615 279 2659 doctores
307 2623 311 2672 Ι
341 2618 508 2674 egregij
527 2618 625 2660 fieri
641 2619 827 2674 soleant,
862 2634 951 2675 quo
967 2620 1118 2676 plures
1136 2619 1312 2673 docent,
1345 2618 1551 2676 pluribus
1567 2615 1770 2660 abunda·
1792 2640 1818 2664 p.
1840 2631 1883 2658 85.

78 2703 177 2730 mus
193 2689 385 2745 egregijs
403 2689 676 2732 doctoribus
711 2689 931 2740 Quocirca
947 2691 1191 2732 nonnullae
1207 2690 1544 2747 Religiosorum
1558 2687 1772 2741 familiae,

79 2773 165 2815 quo
210 2760 298 2802 sibi
343 2761 697 2803 numerosiorem
728 2762 977 2804 Doctorum
1016 2761 1194 2819 copiam
1231 2764 1507 2818 comparent,
1554 2758 1772 2817 plurimos

78 2831 217 2887 varijs
255 2831 304 2873 in
337 2831 446 2873 locis
479 2836 700 2874 conantur
729 2832 896 2875 habere
928 2833 1219 2887 Professores,
1267 2826 1369 2874 cum
1399 2845 1479 2888 pro
1513 2829 1773 2872 auditorum

78 2916 263 2944 numero
304 2902 439 2958 pauci
472 2902 579 2944 satis
611 2907 772 2946 essent.
826 2903 964 2961 Apud
995 2918 1076 2946 nos
1109 2908 1280 2957 contra,
1313 2917 1402 2959 quo
1433 2900 1683 2956 Theologia
1715 2897 1772 2940 ad

79 2972 310 3028 pauciores
364 2972 647 3015 contrahitur
697 2974 988 3030 Professores,
1041 2989 1092 3017 eo
1152 2974 1302 3016 minus
1356 2987 1509 3015 eorum
1560 2983 1772 3013 numerus

78 3048 366 3100 propagatur,
399 3049 444 3086 et
470 3044 548 3100 qui
576 3059 697 3087 nunc
718 3045 881 3087 docent
910 3048 1040 3088 tanta
1059 3045 1313 3088 studiorum
1334 3042 1619 3087 contentione
1638 3039 1773 3082 citius
