2148 3402
475 193 518 230 R.
546 198 591 230 st.
620 195 720 229 1586.
745 192 892 238 Lingua
919 190 1097 228 Hebraea.
1129 190 1297 227 Studium
1322 191 1450 235 philos.
1735 179 1819 224 125

121 318 296 371 oportet
326 313 453 354 illam
491 312 704 354 mediocri
743 312 900 353 saltem
941 310 1221 352 audientium
1264 324 1449 351 numero
1491 314 1741 351 sustentare
1775 314 1820 351 et

119 384 360 426 nonnullos
383 384 498 424 alere
518 387 652 438 atque
674 382 741 423 ita
760 382 1008 436 instituere,
1041 386 1094 424 vt
1127 382 1252 422 illam
1274 386 1430 437 postea
1453 381 1608 422 docere
1630 381 1818 436 possint,

120 469 309 510 quorum
341 455 432 495 iam
464 468 630 509 magna
661 452 849 509 penuria
879 452 1156 494 laboramus:
1191 467 1282 493 non
1314 452 1527 494 videntur
1559 452 1711 506 itaque
1735 453 1814 493 vlli

117 526 345 573 eximendi
377 526 433 566 ab
465 525 548 565 hac
580 524 781 577 lectione,
813 538 916 564 nam
940 524 1116 564 etiamsi
1135 523 1346 564 nonnulli
1368 523 1416 564 in
1433 522 1654 579 principio
1674 524 1820 563 auersi

119 597 221 648 sint,
241 596 468 651 contingit
486 600 637 637 tamen
654 594 895 648 interdum,
914 599 966 636 vt
984 599 1085 650 post
1100 595 1296 650 aliquem
1319 594 1413 635 eius
1431 593 1617 649 linguae
1639 598 1822 647 gustum

118 682 224 723 erga
257 682 356 709 eam
388 668 499 708 bene
522 666 792 708 afficiantur.
841 666 962 715 Quin
985 665 1121 707 etiam
1144 665 1329 722 expedit
1352 665 1527 720 aliquos
1550 664 1607 705 ad
1630 679 1724 705 eam
1748 665 1816 705 vel

118 738 310 794 aptiores
347 738 420 780 Vel
452 737 760 794 propensiores
804 737 1057 792 designare,
1103 737 1180 792 qui
1221 737 1356 778 etiam
1387 740 1392 788 Ι
1421 741 1582 790 quarto
1620 749 1739 776 anno
1772 735 1820 775 in

117 809 250 850 huius
280 809 465 863 linguae
496 807 645 849 studio
678 812 974 864 perseuerent,
1006 808 1166 849 saltem
1198 807 1376 864 priuata
1408 807 1465 848 ad
1496 807 1542 848 id
1575 807 1818 848 Academia

118 879 340 932 instituta,
374 883 425 920 Vt
457 893 511 919 ex
544 878 598 934 ijs
628 882 782 934 postea
822 879 953 934 seligi
985 878 1159 935 possint
1197 880 1275 934 qui
1316 880 1443 920 illam
1474 879 1652 935 publice
1685 878 1818 934 profi-

118 954 309 991 teantur.
372 950 427 990 In
459 949 614 990 eadem
646 950 893 991 Academia
934 950 1054 992 tradi
1096 951 1232 992 etiam
1277 951 1459 992 deberet
1490 950 1645 1005 aliqua
1676 949 1814 990 intro-

119 1020 273 1062 ductio
306 1021 362 1062 ad
394 1020 596 1062 Rabinos
627 1020 963 1077 intelligendos.

256 1094 297 1135 3.
331 1091 545 1133 Bimestri
577 1092 752 1133 circiter
784 1093 930 1148 spatio
960 1092 1292 1133 Grammaticae
1325 1091 1642 1133 Institutiones
1673 1091 1817 1132 absol-

116 1167 300 1204 uantur:
342 1177 430 1218 quo
462 1163 511 1203 in
549 1178 713 1217 genere
744 1163 892 1204 Patris
925 1163 1205 1218 Bellarminij
1246 1178 1382 1218 quam
1415 1163 1625 1204 Clenardi
1659 1163 1817 1204 Gram-

116 1234 280 1275 matica
311 1234 586 1275 commodior
624 1234 816 1288 videtur,
860 1249 1117 1289 quanquam
1163 1238 1206 1274 et
1248 1234 1375 1275 illam
1419 1239 1549 1275 autor
1581 1233 1815 1288 aliquanto

115 1305 259 1360 magis
290 1305 563 1361 locupletare
595 1309 730 1360 atque
760 1305 1000 1361 explanare
1033 1305 1223 1346 deberet.

553 1744 633 1807 De
679 1743 882 1808 studio
928 1744 1371 1824 Philosophiae.

253 1874 571 1931 Philosophiae
610 1891 765 1917 cursus
802 1876 998 1918 triennio
1039 1877 1339 1919 absoluendus
1378 1881 1444 1918 est
1476 1877 1604 1919 iuxta
1636 1877 1812 1918 Consti-

113 1946 307 1988 tutiones
337 1948 460 1988 Part.
492 1951 533 1990 4.
567 1947 674 2003 Cap.
696 1949 763 1991 15.
796 1963 919 1989 num.
954 1951 992 1992 2.
1041 1948 1094 1989 [d
1116 1957 1267 1989 tamen
1288 1964 1381 1990 non
1404 1953 1608 1990 seruatur
1630 1949 1813 1990 Conim-

110 2018 273 2070 bricae,
304 2018 384 2059 ubi
405 2034 457 2059 ex
479 2018 746 2060 fundatione
769 2019 1052 2072 Academiae,
1085 2034 1198 2074 quae
1230 2035 1284 2060 ex
1305 2019 1451 2075 Regia
1474 2020 1717 2061 autoritate
1739 2020 1811 2061 de—

110 2089 289 2145 pendet,
322 2093 424 2145 post
455 2089 703 2131 triennium
736 2089 928 2131 audiunt
955 2090 1091 2131 etiam
1113 2091 1381 2147 Philosophi
1413 2091 1601 2132 dimidio
1634 2091 1814 2132 circiter

112 2174 230 2200 anno
262 2160 499 2201 lectionem
530 2176 668 2202 vnam
690 2160 1009 2216 Philosophiae
1041 2162 1416 2217 pomeridianam:
1450 2162 1497 2203 id
1531 2163 1651 2217 quod
1683 2163 1814 2204 disci-

111 2230 229 2286 pulis
260 2245 352 2271 non
382 2246 541 2287 parum
578 2231 765 2285 confert,
806 2247 912 2272 nam
943 2247 993 2273 eo
1026 2233 1225 2273 semestri
1252 2239 1451 2289 tempore
1492 2233 1548 2274 ad
1580 2234 1814 2290 publicum

111 2315 297 2342 examen
341 2306 386 2342 et
417 2301 608 2356 gradum
640 2303 841 2357 quotidie
872 2308 1162 2344 excercentur
1200 2319 1225 2345 a
1257 2305 1569 2361 Praeceptore3
1609 2305 1813 2359 alioquin

111 2386 203 2412 non
234 2372 329 2413 sine
359 2377 512 2413 nostro
545 2373 760 2414 dedecore
792 2374 986 2415 examini
1021 2379 1364 2430 exponerentur.
1412 2376 1544 2416 Hanc
1562 2390 1667 2417 vero
1691 2390 1813 2416 exer-

112 2442 373 2483 citationem
419 2443 497 2485 Vix
542 2443 896 2499 frequentarent,
947 2445 1033 2486 nisi
1079 2446 1270 2487 alicuius
1311 2447 1521 2488 lectionis
1580 2452 1810 2502 tamquam

111 2514 277 2569 pabulo
309 2514 614 2557 allicerentur:
647 2516 800 2558 Nostri
832 2530 937 2558 Vero
970 2530 1020 2557 eo
1053 2517 1255 2558 semestri
1286 2518 1432 2573 spatio
1461 2522 1627 2561 vacant
1657 2518 1813 2574 repiti-

112 2585 247 2637 tioni,
294 2600 430 2640 quam
470 2586 638 2627 ibidem
683 2587 995 2643 praescribunt
1038 2588 1419 2632 Constitutiones:
1469 2593 1514 2630 et
1551 2589 1657 2644 quia
1700 2594 1811 2631 tunc

113 2654 305 2697 habetur
326 2657 458 2697 lectio
479 2671 583 2710 vna,
618 2672 732 2712 quae
753 2658 863 2714 ipsis
886 2658 1092 2714 prodesse
1116 2663 1278 2714 potest,
1300 2659 1425 2700 illam
1448 2660 1585 2701 etiam
1604 2660 1808 2713 audiunt,

113 2741 213 2767 cum
231 2727 491 2782 praesertim
513 2728 887 2782 Constitutiones,
910 2728 1017 2769 dum
1041 2728 1215 2770 dicunt:
1244 2730 1343 2785 „Ad
1366 2731 1707 2787 Philosophiam
1730 2731 1810 2772 mi-

112 2811 196 2838 nus
228 2812 364 2852 quam
396 2798 534 2839 trium
566 2813 788 2840 annorum
820 2800 966 2855 spatio
999 2800 1108 2841 satis
1129 2815 1220 2841 non
1242 2801 1369 2855 erit“,
1401 2816 1493 2843 non
1514 2807 1610 2843 tam
1632 2806 1807 2853 cauent,

111 2881 166 2908 ne
198 2868 297 2923 plus
328 2868 525 2909 triennio
557 2870 786 2924 audiatur,
824 2885 959 2925 quam
990 2886 1046 2912 ne
1090 2871 1253 2913 minus.
1317 2872 1510 2927 Reliquo
1553 2876 1701 2913 autem
1745 2886 1808 2911 se-

113 2938 266 2979 mestri
299 2939 370 2981 vel
403 2944 565 2995 parant
596 2955 641 2981 se
673 2941 729 2982 ad
762 2941 915 2982 literas
947 2941 1233 2983 humaniores
1271 2947 1315 2983 et
1357 2942 1725 2993 Grammaticam,
1769 2940 1807 2981 si

113 3023 185 3049 eas
217 3024 334 3051 anno
367 3011 571 3065 sequenti
602 3011 777 3053 docturi
807 3016 925 3066 sunt,
957 3013 1030 3054 vel
1049 3013 1347 3068 Theologiam
1376 3014 1605 3069 incipiunt
1631 3011 1803 3052 audire:

114 3081 292 3122 tametsi
334 3095 426 3122 non
468 3081 748 3123 incommode
791 3083 936 3137 fieret,
981 3083 1018 3124 si
1062 3084 1326 3125 exercitatio
1370 3084 1452 3125 illa
1489 3081 1806 3139 Philosophica

1842 757 1868 778 p.
1897 749 1956 772 lTO.

1837 1775 1863 1797 μ.
1892 1767 1954 1792 171.
