2153 3467
116 317 233 342 Gradus
255 325 302 341 ι-υ-

82 355 187 384 jusqne
210 354 338 377 scholae.

90 1245 214 1269 Graecae
235 1251 326 1274 gram.

154 1280 183 1304 di
191 1287 202 1302 v
209 1280 271 1303 isio.

340 187 425 230 382

511 195 621 231 Ratio
649 195 854 230 studiorum
880 199 917 230 et
943 194 1204 230 institutiones
1231 192 1473 230 scholasticae
1502 192 1699 229 Societatis
1725 195 1814 231 Jesu
1840 196 1878 231 II

482 315 556 362 12.
620 316 745 371 (18322
778 317 816 367 ξ.
853 317 907 368 1.)
955 313 1144 356 Scholae
1176 326 1329 354 omnes
1361 311 1409 353 in
1441 326 1520 354 suo
1553 327 1597 354 se
1619 312 1763 367 gradu
1795 314 2070 369 contineant,

338 391 383 428 et
399 386 453 428 de
470 386 716 428 Rhetorica
733 384 913 441 quidem
936 390 980 426 et
997 383 1292 426 Humanitate
1310 382 1483 425 dicetur
1504 383 1706 437 seorsim3
1741 385 2072 428 Grammaticae

340 472 446 500 vero
479 462 570 499 tres
603 456 780 498 scholae
812 471 905 498 esse
939 455 1115 509 debent,
1150 453 1312 510 quibus
1335 453 1533 507 ejusdem
1562 454 1747 509 quidam
1768 455 1897 511 quasi
1919 471 2072 498 cursus

342 529 618 571 absolvatur.
684 527 847 569 Omnia
878 526 1068 583 proinde
1099 525 1408 567 Emmanuelis
1446 527 1788 582 (qrammatz'cae)
1834 532 2073 584 praecepta

340 603 431 639 tres
463 599 510 640 in
541 604 694 655 partes
726 598 970 642 dividenda
1002 601 1128 651 sunt,
1162 611 1352 652 quarum
1391 596 1596 651 singulae
1637 596 1919 652 singularum
1952 598 2075 639 scho-

341 669 487 711 larum
519 671 612 711 sint
643 671 867 727 propriae,
900 669 964 710 ita
996 673 1162 722 tamen,
1195 671 1247 709 ut
1278 667 1325 708 in
1348 682 1617 723 unaquaque
1649 668 1787 710 classe
1816 684 1867 711 ea
1889 684 2074 727 semper,

343 755 457 795 quae
510 741 557 782 in
610 741 762 783 schola
808 740 1012 796 proxime
1058 739 1269 780 inferiore
1330 738 1502 780 tradita
1558 743 1689 794 sunt,
1749 743 2076 796 recurrantur,¹

343 816 478 867 prout
524 812 572 853 in
620 812 833 867 cujusque
881 810 1091 866 Magistri
1138 810 1306 866 regulis
1353 809 1642 852 indicabitur.
1722 812 1897 868 (Const.
1947 828 1990 869 p.
2034 816 2075 856 4.

345 897 381 923 c.
408 886 474 927 13.
497 884 568 940 B.)

1375 954 1413 1006 ξ.
1447 955 1486 997 2.
1550 953 1604 995 111
1636 953 1796 1009 lingua
1835 956 2078 998 vernacula

1232 1023 1472 1065 ediscenda
1511 1024 1664 1066 eadem
1721 1025 1814 1067 fere
1866 1026 2079 1069 methodo

1230 1094 1499 1151 procedatur
1530 1110 1580 1137 ac
1611 1095 1660 1137 in
1692 1095 1876 1151 linguae
1911 1098 2079 1139 latinae

1231 1165 1396 1207 studio.

487 1239 561 1287 13.
624 1240 679 1282 111
697 1240 868 1281 Graeca
889 1238 1023 1280 etiam
1047 1253 1193 1294 gram-
1373 1235 1446 1282 13.
1495 1237 1549 1279 In
1578 1252 1739 1293 graeca
1767 1239 1906 1282 etiam
1935 1255 2082 1296 gram—

347 1312 511 1353 matica
536 1311 645 1352 haec
664 1310 754 1352 fere
777 1309 940 1352 divisio
965 1308 1063 1350 erit.
1096 1308 1194 1350 Pri·
1232 1308 1399 1350 matica
1461 1308 1570 1350 haec
1623 1309 1712 1351 fere
1766 1310 1930 1354 divisio
1981 1312 2080 1354 erit.

347 1398 421 1424 ma
451 1397 576 1439 pars,
618 1397 643 1423 a
674 1381 831 1438 primis
863 1379 1095 1421 elementis
1127 1379 1386 1452 or-lPrima
1429 1395 1544 1437 pars,
1588 1396 1614 1423 a
1650 1381 1805 1438 primis
1851 1383 2084 1425 elementis

348 1453 525 1508 diendo,
548 1451 987 1510 simpliciajnomina,
1006 1450 1464 1510 verbumlordiendQ
1497 1451 1722 1508 simplicia
1752 1454 1953 1510 nomina,
1986 1470 2083 1498 ver-

211 2381 325 2406 Divisio

192 2422 342 2448 temporie.

350 1525 689 1566 substantivum
723 1528 768 1565 et
798 1522 938 1566 verba
963 1522 1074 1564 item
1094 1521 1198 1563 sim-

348 1595 485 1652 plicia
502 1594 853 1651 complectitur.2
897 1593 1104 1636 Secunda
1121 1607 1199 1634 no-

350 1668 474 1708 mina
483 1671 730 1721 contracta,
746 1666 886 1708 verba
898 1665 1198 1720 circumflexa,

350 1739 488 1781 verba
512 1738 560 1779 in
588 1756 633 1794 μι
662 1742 707 1779 et
727 1737 953 1779 faciliores
971 1737 1201 1778 formatio-

351 1825 442 1851 neS.
453 1810 468 1834 ³
492 1809 647 1851 Tertia
663 1809 859 1865 reliquas
873 1813 1023 1865 partes
1039 1808 1201 1849 oratio-

351 1881 422 1922 nis
438 1895 514 1922 seu
530 1894 821 1936 quaecunque
842 1880 1201 1921 rudimentorum

351 1952 535 1993 nomine
560 1951 865 2006 continentur,
896 1951 1092 2008 exceptis
1110 1950 1203 1992 dia-

354 2023 482 2064 lectis
514 2038 566 2064 ac
589 2021 921 2064 difficilioribus
946 2021 1201 2063 annotatio-

353 2095 526 2136 nibus4.
574 2093 761 2148 Quarta,
783 2108 895 2149 quae
912 2092 1203 2135 Humanitati

354 2166 586 2221 tribuitur,
600 2180 779 2208 omnem
794 2165 1042 2221 syntaxim.
1065 2164 1206 2214 Quin-

357 2242 406 2279 ta
438 2237 630 2293 denique
660 2251 777 2294 parS,
811 2250 926 2293 quae
947 2240 1014 2278 est
1035 2235 1204 2278 Rheto-

357 2309 490 2363 ricae,
522 2312 665 2350 artem
696 2307 943 2350 metricam.

1234 1522 1342 1564 bum
1375 1523 1714 1566 substantivum
1738 1529 1782 1566 et
1800 1526 1940 1567 verba
1972 1526 2082 1567 item

1236 1594 1460 1651 simplicia
1491 1595 1805 1652 complectitur
1825 1612 1906 1654 pro
1929 1598 2085 1640 infima

1236 1666 1388 1708 classe.
1423 1667 1630 1709 Secunda
1643 1668 1828 1709 nomina
1842 1674 2085 1724 contracta,

1241 1738 1376 1780 Verba
1423 1738 1721 1793 circumflexa,
1770 1740 1909 1782 verba
1949 1740 1998 1782 in
2037 1759 2083 1798 μι

1238 1813 1282 1850 et
1312 1809 1535 1851 faciliores
1567 1810 1856 1852 icmmaffiones
1887 1826 1967 1868 pro
1997 1827 2086 1853 me-

1239 1880 1313 1922 dia
1344 1881 1495 1923 classe.
1543 1881 1697 1923 Tertia
1728 1883 1924 1938 reliquas
1940 1888 2087 1940 partes

1239 1951 1454 1993 orationis
1504 1958 1549 1994 et
1599 1968 1776 1995 omnem
1835 1954 2085 2010 syntaxim.

1240 2022 1411 2072 Quarta
1429 2024 1620 2080 denique
1638 2029 1779 2066 artem
1795 2026 2027 2067 metricam
2046 2032 2091 2066 et

1240 2094 1444 2136 notiones
1477 2095 1693 2150 quasdam
1726 2096 1780 2138 de
1813 2096 2030 2139 dialectis.

503 2379 576 2426 14.
639 2378 820 2421 Divisio
864 2378 1098 2436 temporiS,
1148 2381 1266 2436 quod
1313 2380 1362 2423 in
1405 2381 1652 2424 Rhetorica
1690 2381 1810 2425 binis
1852 2383 2090 2426 minimum

153 2740 301 2770 Quatenus

161 2775 307 2798 mutanda.

361 2451 495 2506 horis,
528 2450 576 2492 in
592 2450 893 2493 Humanitate
926 2465 1034 2492 vero
1067 2456 1111 2493 et
1143 2453 1328 2494 caeteris
1360 2453 1523 2495 scholis
1564 2453 1740 2496 duabus
1778 2462 1822 2496 et
1854 2454 2092 2498 dimidiata

361 2537 506 2576 mane,
538 2521 821 2578 totidemque
853 2537 879 2564 a
902 2522 1108 2579 prandio,
1146 2523 1261 2565 binis
1298 2524 1409 2565 item
1448 2524 1688 2568 minimum
1727 2525 1799 2568 die
1839 2527 2090 2569 vacationis

362 2593 601 2647 definitur,
641 2593 794 2635 eadem
822 2608 995 2650 semper
1027 2608 1119 2635 esse
1151 2594 1346 2649 debebit,
1388 2599 1441 2637 ut
1472 2600 1645 2638 certum
1686 2596 1766 2649 sit,
1804 2611 1917 2652 quae
1955 2597 2091 2639 horae

363 2664 528 2720 quibus
558 2664 957 2706 exercitationibus
978 2664 1313 2722 impendantur.

507 2734 579 2780 15.
643 2735 819 2777 Harum
850 2741 1003 2778 tamen
1035 2737 1410 2779 exercitationum
1443 2738 1550 2780 ordo
1571 2738 1627 2781 ad
1647 2738 1949 2782 Provincialis
1968 2753 2094 2796 prae-

361 2806 579 2863 scriptum
611 2820 691 2862 pro
723 2806 811 2849 loci
843 2807 1167 2849 consuetudine
1199 2808 1430 2850 immutari
1467 2814 1629 2866 potest,
1663 2810 1905 2852 dummodo
1938 2810 2091 2852 eadem

366 2877 513 2935 spatia
543 2877 759 2934 temporis
791 2877 882 2919 illis
914 2878 962 2919 in
995 2877 1208 2934 cujusque
1239 2879 1449 2934 Magistri
1480 2881 1648 2935 regulis
1670 2882 1900 2936 assignata
1930 2883 2093 2923 retine-

365 2954 512 3004 antur,
544 2954 589 2990 et
620 2949 667 2991 in
701 2949 835 2990 semel
867 2954 1025 3006 coepto
1058 2951 1313 2992 constantia
1344 2957 1558 2995 servetur.

511 3043 521 3062 ¹
548 3054 593 3080 m.
623 3049 933 3087 „percur1·autur.“

511 3103 524 3122 ²
549 3113 601 3147 pr.
630 3114 715 3148 „pro
743 3103 864 3140 infima
891 3105 1039 3140 classe.“

1231 3046 1244 3065 ³
1269 3057 1321 3090 pr.
1351 3058 1435 3091 „pro
1462 3048 1582 3083 media
1609 3048 1758 3084 classe.⁴‘

1224 3106 1237 3125 ⁴¹
1264 3116 1314 3150 pr.
1344 3117 1429 3150 „pro
1456 3118 1625 3151 suprema
1651 3109 1802 3147 classe.···
