<?xml version="1.0" encoding="UTF-8"?>
<!DOCTYPE html PUBLIC "-//W3C//DTD XHTML 1.0 Transitional//EN"
    "http://www.w3.org/TR/xhtml1/DTD/xhtml1-transitional.dtd">
<html xmlns="http://www.w3.org/1999/xhtml" xml:lang="en" lang="en">
 <head>
  <title>
</title>
<meta http-equiv="Content-Type" content="text/html;charset=utf-8" />
  <meta name='ocr-system' content='tesseract 3.04.00' />
  <meta name='ocr-capabilities' content='ocr_page ocr_carea ocr_par ocr_line ocrx_word'/>
</head>
<body>
  <div class='ocr_page' id='page_1' title='image "./ratiostudiorumet05jesu_0095.png"; bbox 0 0 2089 3381; ppageno 0'>
   <div class='ocr_carea' id='block_1_1' title="bbox 499 135 1767 186">
    <p class='ocr_par' dir='ltr' id='par_1_1' title="bbox 499 135 1767 186">
     <span class='ocr_line' id='line_1_1' title="bbox 499 135 1767 186; baseline -0.001 -8"><span class='ocrx_word' id='word_1_1' title='bbox 499 143 543 178; x_wconf 81' lang='lat' dir='ltr'>R.</span> <span class='ocrx_word' id='word_1_2' title='bbox 569 149 615 179; x_wconf 86' lang='lat' dir='ltr'>st.</span> <span class='ocrx_word' id='word_1_3' title='bbox 634 144 732 179; x_wconf 75' lang='lat'>1586.</span> <span class='ocrx_word' id='word_1_4' title='bbox 782 143 849 177; x_wconf 86' lang='lat' dir='ltr'>Pro</span> <span class='ocrx_word' id='word_1_5' title='bbox 876 143 1110 185; x_wconf 82' lang='lat' dir='ltr'><strong>quadriennio</strong></span> <span class='ocrx_word' id='word_1_6' title='bbox 1137 143 1355 186; x_wconf 84' lang='lat' dir='ltr'>theologico.</span> <span class='ocrx_word' id='word_1_7' title='bbox 1713 135 1767 177; x_wconf 86' lang='grc'>79</span> 
     </span>
    </p>
   </div>
   <div class='ocr_carea' id='block_1_2' title="bbox 78 216 382 223">
    <p class='ocr_par' dir='ltr' id='par_1_2' title="bbox 78 216 382 223">
     <span class='ocr_line' id='line_1_2' title="bbox 78 216 382 223; baseline 0 3158"><span class='ocrx_word' id='word_1_8' title='bbox 78 216 382 223; x_wconf 95' lang='lat' dir='ltr'> </span> 
     </span>
    </p>
   </div>
   <div class='ocr_carea' id='block_1_3' title="bbox 993 217 1582 223">
    <p class='ocr_par' dir='ltr' id='par_1_3' title="bbox 993 217 1582 223">
     <span class='ocr_line' id='line_1_3' title="bbox 993 217 1582 223; baseline 0 0"><span class='ocrx_word' id='word_1_9' title='bbox 993 217 1582 223; x_wconf 95' lang='lat' dir='ltr'> </span> 
     </span>
    </p>
   </div>
   <div class='ocr_carea' id='block_1_4' title="bbox 75 260 1886 3093">
    <p class='ocr_par' dir='ltr' id='par_1_4' title="bbox 75 260 1772 814">
     <span class='ocr_line' id='line_1_4' title="bbox 80 260 1769 319; baseline 0.003 -17"><span class='ocrx_word' id='word_1_10' title='bbox 80 260 258 303; x_wconf 82' lang='grc' dir='ltr'>111οᾶ100</span> <span class='ocrx_word' id='word_1_11' title='bbox 290 261 337 302; x_wconf 88' lang='grc'>111</span> <span class='ocrx_word' id='word_1_12' title='bbox 379 261 582 317; x_wconf 83' lang='lat' dir='ltr'>Collegio</span> <span class='ocrx_word' id='word_1_13' title='bbox 621 263 829 304; x_wconf 84' lang='lat' dir='ltr'>Romano</span> <span class='ocrx_word' id='word_1_14' title='bbox 870 261 976 303; x_wconf 91' lang='lat' dir='ltr'>olim</span> <span class='ocrx_word' id='word_1_15' title='bbox 1015 261 1275 303; x_wconf 88' lang='lat' dir='ltr'>factitatum</span> <span class='ocrx_word' id='word_1_16' title='bbox 1316 267 1393 317; x_wconf 91' lang='lat' dir='ltr'>est,</span> <span class='ocrx_word' id='word_1_17' title='bbox 1436 279 1569 319; x_wconf 84' lang='lat' dir='ltr'>quam</span> <span class='ocrx_word' id='word_1_18' title='bbox 1608 280 1657 307; x_wconf 88' lang='lat' dir='ltr'>ea</span> <span class='ocrx_word' id='word_1_19' title='bbox 1697 266 1769 307; x_wconf 87' lang='lat' dir='ltr'>vel</span> 
     </span>
     <span class='ocr_line' id='line_1_5' title="bbox 79 331 1768 392; baseline 0.004 -20"><span class='ocrx_word' id='word_1_20' title='bbox 79 331 305 387; x_wconf 86' lang='lat' dir='ltr'>ignorare,</span> <span class='ocrx_word' id='word_1_21' title='bbox 338 332 410 374; x_wconf 85' lang='lat' dir='ltr'>vel</span> <span class='ocrx_word' id='word_1_22' title='bbox 433 347 527 374; x_wconf 88' lang='lat' dir='ltr'>sero</span> <span class='ocrx_word' id='word_1_23' title='bbox 551 333 731 374; x_wconf 87' lang='lat' dir='ltr'>tandem</span> <span class='ocrx_word' id='word_1_24' title='bbox 755 337 915 389; x_wconf 85' lang='lat' dir='ltr'>suopte</span> <span class='ocrx_word' id='word_1_25' title='bbox 934 332 1117 387; x_wconf 83' lang='lat' dir='ltr'>ingenio</span> <span class='ocrx_word' id='word_1_26' title='bbox 1139 337 1183 374; x_wconf 89' lang='lat' dir='ltr'>et</span> <span class='ocrx_word' id='word_1_27' title='bbox 1213 333 1366 374; x_wconf 89' lang='lat' dir='ltr'>labore</span> <span class='ocrx_word' id='word_1_28' title='bbox 1396 334 1510 375; x_wconf 73' lang='lat' dir='ltr'>velle</span> <span class='ocrx_word' id='word_1_29' title='bbox 1545 337 1768 392; x_wconf 74' lang='lat' dir='ltr'>consequi,</span> 
     </span>
     <span class='ocr_line' id='line_1_6' title="bbox 76 401 1769 462; baseline 0.003 -19"><span class='ocrx_word' id='word_1_30' title='bbox 76 416 180 444; x_wconf 88' lang='lat' dir='ltr'>cum</span> <span class='ocrx_word' id='word_1_31' title='bbox 218 401 266 443; x_wconf 90' lang='lat' dir='ltr'>id</span> <span class='ocrx_word' id='word_1_32' title='bbox 303 407 347 444; x_wconf 88' lang='lat' dir='ltr'>et</span> <span class='ocrx_word' id='word_1_33' title='bbox 386 417 621 459; x_wconf 88' lang='lat' dir='ltr'>operosum</span> <span class='ocrx_word' id='word_1_34' title='bbox 652 403 785 445; x_wconf 89' lang='lat' dir='ltr'>valde</span> <span class='ocrx_word' id='word_1_35' title='bbox 816 403 886 457; x_wconf 88' lang='lat' dir='ltr'>sit,</span> <span class='ocrx_word' id='word_1_36' title='bbox 928 407 973 444; x_wconf 92' lang='lat' dir='ltr'>et</span> <span class='ocrx_word' id='word_1_37' title='bbox 1005 418 1030 444; x_wconf 90' lang='lat' dir='ltr'>a</span> <span class='ocrx_word' id='word_1_38' title='bbox 1061 404 1217 459; x_wconf 78' lang='lat' dir='ltr'>paucis</span> <span class='ocrx_word' id='word_1_39' title='bbox 1248 404 1342 459; x_wconf 88' lang='lat' dir='ltr'>fiat,</span> <span class='ocrx_word' id='word_1_40' title='bbox 1376 409 1455 446; x_wconf 88' lang='lat' dir='ltr'>aut</span> <span class='ocrx_word' id='word_1_41' title='bbox 1488 406 1584 447; x_wconf 90' lang='lat' dir='ltr'>fieri</span> <span class='ocrx_word' id='word_1_42' title='bbox 1614 407 1769 462; x_wconf 89' lang='lat' dir='ltr'>possit,</span> 
     </span>
     <span class='ocr_line' id='line_1_7' title="bbox 77 473 1770 530; baseline 0.003 -16"><span class='ocrx_word' id='word_1_43' title='bbox 77 477 121 514; x_wconf 92' lang='lat' dir='ltr'>et</span> <span class='ocrx_word' id='word_1_44' title='bbox 146 473 317 515; x_wconf 88' lang='lat' dir='ltr'>interea</span> <span class='ocrx_word' id='word_1_45' title='bbox 340 474 547 516; x_wconf 89' lang='lat' dir='ltr'>accidant</span> <span class='ocrx_word' id='word_1_46' title='bbox 570 475 808 530; x_wconf 76' lang='lat' dir='ltr'>pleraeque</span> <span class='ocrx_word' id='word_1_47' title='bbox 831 488 912 528; x_wconf 92' lang='lat' dir='ltr'>res,</span> <span class='ocrx_word' id='word_1_48' title='bbox 946 488 1060 529; x_wconf 90' lang='lat' dir='ltr'>quae</span> <span class='ocrx_word' id='word_1_49' title='bbox 1082 475 1177 516; x_wconf 85' lang='lat' dir='ltr'>sine</span> <span class='ocrx_word' id='word_1_50' title='bbox 1208 474 1369 517; x_wconf 89' lang='lat' dir='ltr'>harum</span> <span class='ocrx_word' id='word_1_51' title='bbox 1400 490 1549 517; x_wconf 90' lang='lat' dir='ltr'>rerum</span> <span class='ocrx_word' id='word_1_52' title='bbox 1582 477 1770 520; x_wconf 88' lang='lat' dir='ltr'>scientia</span> 
     </span>
     <span class='ocr_line' id='line_1_8' title="bbox 75 544 1768 602; baseline 0.002 -17"><span class='ocrx_word' id='word_1_53' title='bbox 75 558 156 585; x_wconf 92' lang='lat' dir='ltr'>nec</span> <span class='ocrx_word' id='word_1_54' title='bbox 178 548 277 585; x_wconf 88' lang='lat' dir='ltr'>tuto</span> <span class='ocrx_word' id='word_1_55' title='bbox 299 559 379 586; x_wconf 90' lang='lat' dir='ltr'>nec</span> <span class='ocrx_word' id='word_1_56' title='bbox 397 544 627 586; x_wconf 86' lang='lat' dir='ltr'>commode</span> <span class='ocrx_word' id='word_1_57' title='bbox 645 544 981 599; x_wconf 82' lang='lat' dir='ltr'>transiguntur:</span> <span class='ocrx_word' id='word_1_58' title='bbox 1016 560 1116 587; x_wconf 90' lang='lat' dir='ltr'>cum</span> <span class='ocrx_word' id='word_1_59' title='bbox 1134 545 1395 601; x_wconf 85' lang='lat' dir='ltr'>praesertim</span> <span class='ocrx_word' id='word_1_60' title='bbox 1412 546 1592 587; x_wconf 91' lang='lat' dir='ltr'>euenire</span> <span class='ocrx_word' id='word_1_61' title='bbox 1610 552 1768 602; x_wconf 90' lang='lat' dir='ltr'>posset,</span> 
     </span>
     <span class='ocr_line' id='line_1_9' title="bbox 75 614 1771 672; baseline 0.002 -17"><span class='ocrx_word' id='word_1_62' title='bbox 75 618 128 656; x_wconf 84' lang='lat' dir='ltr'>vt</span> <span class='ocrx_word' id='word_1_63' title='bbox 188 614 430 670; x_wconf 88' lang='lat' dir='ltr'>aliquando</span> <span class='ocrx_word' id='word_1_64' title='bbox 490 630 582 657; x_wconf 91' lang='lat' dir='ltr'>non</span> <span class='ocrx_word' id='word_1_65' title='bbox 636 615 784 656; x_wconf 90' lang='lat' dir='ltr'>desint</span> <span class='ocrx_word' id='word_1_66' title='bbox 855 615 933 671; x_wconf 88' lang='lat' dir='ltr'>qui</span> <span class='ocrx_word' id='word_1_67' title='bbox 990 615 1264 672; x_wconf 82' lang='lat' dir='ltr'>Theologiae</span> <span class='ocrx_word' id='word_1_68' title='bbox 1321 616 1473 658; x_wconf 87' lang='lat' dir='ltr'>studia</span> <span class='ocrx_word' id='word_1_69' title='bbox 1527 617 1613 659; x_wconf 83' lang='lat' dir='ltr'>sibi</span> <span class='ocrx_word' id='word_1_70' title='bbox 1663 618 1771 659; x_wconf 87' lang='lat' dir='ltr'>satis</span> 
     </span>
     <span class='ocr_line' id='line_1_10' title="bbox 81 685 1772 743; baseline 0.002 -17"><span class='ocrx_word' id='word_1_71' title='bbox 81 699 173 726; x_wconf 89' lang='lat' dir='ltr'>esse</span> <span class='ocrx_word' id='word_1_72' title='bbox 222 685 513 740; x_wconf 73' lang='lat' dir='ltr'>arbitrentur,</span> <span class='ocrx_word' id='word_1_73' title='bbox 561 690 613 727; x_wconf 85' lang='lat' dir='ltr'>vt</span> <span class='ocrx_word' id='word_1_74' title='bbox 661 686 963 741; x_wconf 89' lang='lat' dir='ltr'>quorumlibet</span> <span class='ocrx_word' id='word_1_75' title='bbox 1001 687 1190 729; x_wconf 90' lang='lat' dir='ltr'>audiant</span> <span class='ocrx_word' id='word_1_76' title='bbox 1228 686 1528 729; x_wconf 85' lang='lat' dir='ltr'>confessiones</span> <span class='ocrx_word' id='word_1_77' title='bbox 1566 691 1623 743; x_wconf 84' lang='lat' dir='ltr'>et,</span> <span class='ocrx_word' id='word_1_78' title='bbox 1670 702 1772 729; x_wconf 91' lang='lat' dir='ltr'>cum</span> 
     </span>
     <span class='ocr_line' id='line_1_11' title="bbox 76 754 1488 814; baseline 0.002 -18"><span class='ocrx_word' id='word_1_79' title='bbox 76 754 431 811; x_wconf 85' lang='lat' dir='ltr'>interrogantur,</span> <span class='ocrx_word' id='word_1_80' title='bbox 464 756 518 798; x_wconf 91' lang='lat' dir='ltr'>de</span> <span class='ocrx_word' id='word_1_81' title='bbox 550 756 826 798; x_wconf 88' lang='lat' dir='ltr'>conscientia</span> <span class='ocrx_word' id='word_1_82' title='bbox 857 757 1143 813; x_wconf 88' lang='lat' dir='ltr'>peccatisque</span> <span class='ocrx_word' id='word_1_83' title='bbox 1174 757 1488 814; x_wconf 67' lang='lat' dir='ltr'>respondeant.</span> 
     </span>
    </p>

    <p class='ocr_par' dir='ltr' id='par_1_5' title="bbox 75 826 1885 1953">
     <span class='ocr_line' id='line_1_12' title="bbox 218 826 1774 886; baseline 0.001 -17"><span class='ocrx_word' id='word_1_84' title='bbox 218 829 258 870; x_wconf 84' lang='lat'>4.</span> <span class='ocrx_word' id='word_1_85' title='bbox 292 826 383 869; x_wconf 91' lang='lat' dir='ltr'>Vbi</span> <span class='ocrx_word' id='word_1_86' title='bbox 426 841 531 869; x_wconf 86' lang='lat' dir='ltr'>vero</span> <span class='ocrx_word' id='word_1_87' title='bbox 579 832 668 869; x_wconf 88' lang='lat' dir='ltr'>tres</span> <span class='ocrx_word' id='word_1_88' title='bbox 700 827 871 869; x_wconf 83' lang='lat' dir='ltr'>fuerint</span> <span class='ocrx_word' id='word_1_89' title='bbox 901 828 1191 884; x_wconf 85' lang='lat' dir='ltr'>Professores,</span> <span class='ocrx_word' id='word_1_90' title='bbox 1230 828 1524 885; x_wconf 85' lang='lat' dir='ltr'>Theologiam</span> <span class='ocrx_word' id='word_1_91' title='bbox 1555 828 1642 871; x_wconf 87' lang='lat' dir='ltr'>sibi</span> <span class='ocrx_word' id='word_1_92' title='bbox 1672 844 1774 886; x_wconf 91' lang='lat' dir='ltr'>par-</span> 
     </span>
     <span class='ocr_line' id='line_1_13' title="bbox 76 894 1828 957; baseline 0.003 -18"><span class='ocrx_word' id='word_1_93' title='bbox 76 897 248 940; x_wconf 85' lang='lat' dir='ltr'>tiantur</span> <span class='ocrx_word' id='word_1_94' title='bbox 290 897 374 940; x_wconf 90' lang='lat' dir='ltr'>hoc</span> <span class='ocrx_word' id='word_1_95' title='bbox 422 898 569 940; x_wconf 90' lang='lat' dir='ltr'>modo.</span> <span class='ocrx_word' id='word_1_96' title='bbox 640 897 873 941; x_wconf 86' lang='lat' dir='ltr'>Professor</span> <span class='ocrx_word' id='word_1_97' title='bbox 907 900 1117 956; x_wconf 90' lang='lat' dir='ltr'>primus</span> <span class='ocrx_word' id='word_1_98' title='bbox 1157 914 1275 942; x_wconf 92' lang='lat' dir='ltr'>anno</span> <span class='ocrx_word' id='word_1_99' title='bbox 1312 900 1458 957; x_wconf 88' lang='lat' dir='ltr'>primo</span> <span class='ocrx_word' id='word_1_100' title='bbox 1500 905 1677 942; x_wconf 88' lang='lat' dir='ltr'>enarret</span> <span class='ocrx_word' id='word_1_101' title='bbox 1716 904 1773 946; x_wconf 83' lang='lat'>26</span> <span class='ocrx_word' id='word_1_102' title='bbox 1825 894 1828 898; x_wconf 38' lang='lat'><strong><em>⁴</em></strong></span> 
     </span>
     <span class='ocr_line' id='line_1_14' title="bbox 76 967 1773 1029; baseline 0.002 -19"><span class='ocrx_word' id='word_1_103' title='bbox 76 967 129 1018; x_wconf 79' lang='lat' dir='ltr'>Q.</span> <span class='ocrx_word' id='word_1_104' title='bbox 153 971 192 1013; x_wconf 93' lang='lat'>1.</span> <span class='ocrx_word' id='word_1_105' title='bbox 222 969 366 1023; x_wconf 85' lang='lat' dir='ltr'>Part.;</span> <span class='ocrx_word' id='word_1_106' title='bbox 401 969 596 1011; x_wconf 89' lang='lat' dir='ltr'>secundo</span> <span class='ocrx_word' id='word_1_107' title='bbox 615 969 823 1026; x_wconf 81' lang='lat' dir='ltr'>reliquaS,</span> <span class='ocrx_word' id='word_1_108' title='bbox 857 985 968 1026; x_wconf 88' lang='lat' dir='ltr'>quas</span> <span class='ocrx_word' id='word_1_109' title='bbox 988 971 1174 1029; x_wconf 86' lang='lat' dir='ltr'>poterit;</span> <span class='ocrx_word' id='word_1_110' title='bbox 1207 971 1343 1013; x_wconf 89' lang='lat' dir='ltr'>tertio</span> <span class='ocrx_word' id='word_1_111' title='bbox 1366 971 1582 1027; x_wconf 87' lang='lat' dir='ltr'>quicquid</span> <span class='ocrx_word' id='word_1_112' title='bbox 1602 972 1773 1028; x_wconf 88' lang='lat' dir='ltr'>poterit</span> 
     </span>
     <span class='ocr_line' id='line_1_15' title="bbox 76 1039 1885 1098; baseline 0.002 -17"><span class='ocrx_word' id='word_1_113' title='bbox 76 1054 130 1081; x_wconf 86' lang='lat' dir='ltr'>ex</span> <span class='ocrx_word' id='word_1_114' title='bbox 165 1044 202 1084; x_wconf 90' lang='lat'>1.</span> <span class='ocrx_word' id='word_1_115' title='bbox 236 1043 276 1084; x_wconf 83' lang='lat'>2.</span> <span class='ocrx_word' id='word_1_116' title='bbox 315 1044 419 1082; x_wconf 91' lang='lat' dir='ltr'>ante</span> <span class='ocrx_word' id='word_1_117' title='bbox 451 1039 503 1090; x_wconf 78' lang='lat' dir='ltr'>Q.</span> <span class='ocrx_word' id='word_1_118' title='bbox 527 1044 616 1095; x_wconf 84' lang='lat'>81.;</span> <span class='ocrx_word' id='word_1_119' title='bbox 656 1045 816 1097; x_wconf 89' lang='lat' dir='ltr'>quarto</span> <span class='ocrx_word' id='word_1_120' title='bbox 854 1041 1081 1098; x_wconf 89' lang='lat' dir='ltr'>reliquum</span> <span class='ocrx_word' id='word_1_121' title='bbox 1115 1046 1153 1086; x_wconf 85' lang='lat'>1.</span> <span class='ocrx_word' id='word_1_122' title='bbox 1188 1046 1227 1086; x_wconf 88' lang='grc'>2.</span> <span class='ocrx_word' id='word_1_123' title='bbox 1269 1046 1274 1097; x_wconf 88' lang='grc' dir='ltr'>Ι</span> <span class='ocrx_word' id='word_1_124' title='bbox 1315 1042 1598 1086; x_wconf 83' lang='lat' dir='ltr'>Secundus</span> <span class='ocrx_word' id='word_1_125' title='bbox 1629 1043 1770 1085; x_wconf 89' lang='lat' dir='ltr'>lector</span> <span class='ocrx_word' id='word_1_126' title='bbox 1791 1060 1885 1093; x_wconf 77' lang='lat' dir='ltr'>p.91.</span> 
     </span>
     <span class='ocr_line' id='line_1_16' title="bbox 76 1110 1772 1171; baseline 0.002 -19"><span class='ocrx_word' id='word_1_127' title='bbox 76 1110 373 1166; x_wconf 84' lang='lat' dir='ltr'>quadriennio</span> <span class='ocrx_word' id='word_1_128' title='bbox 397 1112 651 1154; x_wconf 83' lang='lat' dir='ltr'>Secundam</span> <span class='ocrx_word' id='word_1_129' title='bbox 674 1112 909 1155; x_wconf 80' lang='lat' dir='ltr'>Secundae</span> <span class='ocrx_word' id='word_1_130' title='bbox 929 1114 1138 1170; x_wconf 83' lang='lat' dir='ltr'>explicet.</span> <span class='ocrx_word' id='word_1_131' title='bbox 1190 1114 1252 1156; x_wconf 89' lang='lat' dir='ltr'>Et</span> <span class='ocrx_word' id='word_1_132' title='bbox 1272 1113 1418 1171; x_wconf 87' lang='lat' dir='ltr'>primo</span> <span class='ocrx_word' id='word_1_133' title='bbox 1440 1114 1623 1170; x_wconf 88' lang='lat' dir='ltr'>quidem</span> <span class='ocrx_word' id='word_1_134' title='bbox 1655 1129 1772 1157; x_wconf 89' lang='lat' dir='ltr'>anno</span> 
     </span>
     <span class='ocr_line' id='line_1_17' title="bbox 77 1181 1774 1241; baseline 0.002 -17"><span class='ocrx_word' id='word_1_135' title='bbox 77 1181 274 1225; x_wconf 90' lang='lat' dir='ltr'>declaret</span> <span class='ocrx_word' id='word_1_136' title='bbox 306 1184 635 1225; x_wconf 88' lang='lat' dir='ltr'>controuersias</span> <span class='ocrx_word' id='word_1_137' title='bbox 667 1183 721 1226; x_wconf 91' lang='lat' dir='ltr'>de</span> <span class='ocrx_word' id='word_1_138' title='bbox 753 1184 1001 1241; x_wconf 86' lang='lat' dir='ltr'>Scriptura,</span> <span class='ocrx_word' id='word_1_139' title='bbox 1041 1184 1096 1226; x_wconf 93' lang='lat' dir='ltr'>de</span> <span class='ocrx_word' id='word_1_140' title='bbox 1127 1184 1344 1238; x_wconf 82' lang='lat' dir='ltr'>Ecclesia,</span> <span class='ocrx_word' id='word_1_141' title='bbox 1381 1183 1435 1226; x_wconf 89' lang='lat' dir='ltr'>de</span> <span class='ocrx_word' id='word_1_142' title='bbox 1469 1184 1687 1239; x_wconf 78' lang='lat' dir='ltr'>Concilio,</span> <span class='ocrx_word' id='word_1_143' title='bbox 1719 1184 1774 1227; x_wconf 91' lang='lat' dir='ltr'>de</span> 
     </span>
     <span class='ocr_line' id='line_1_18' title="bbox 75 1253 1775 1312; baseline 0.001 -16"><span class='ocrx_word' id='word_1_144' title='bbox 75 1253 212 1310; x_wconf 87' lang='lat' dir='ltr'>Papa.</span> <span class='ocrx_word' id='word_1_145' title='bbox 255 1254 461 1297; x_wconf 91' lang='lat' dir='ltr'>Secundo</span> <span class='ocrx_word' id='word_1_146' title='bbox 495 1269 613 1297; x_wconf 89' lang='lat' dir='ltr'>anno</span> <span class='ocrx_word' id='word_1_147' title='bbox 646 1255 819 1309; x_wconf 86' lang='lat' dir='ltr'>Fidem,</span> <span class='ocrx_word' id='word_1_148' title='bbox 854 1254 1002 1312; x_wconf 89' lang='lat' dir='ltr'>Spem,</span> <span class='ocrx_word' id='word_1_149' title='bbox 1037 1254 1332 1297; x_wconf 87' lang='lat' dir='ltr'>Charitatem.</span> <span class='ocrx_word' id='word_1_150' title='bbox 1380 1255 1535 1297; x_wconf 88' lang='lat' dir='ltr'>Tertio</span> <span class='ocrx_word' id='word_1_151' title='bbox 1569 1269 1688 1298; x_wconf 89' lang='lat' dir='ltr'>anno</span> <span class='ocrx_word' id='word_1_152' title='bbox 1720 1255 1775 1298; x_wconf 91' lang='lat' dir='ltr'>de</span> 
     </span>
     <span class='ocr_line' id='line_1_19' title="bbox 75 1325 1772 1382; baseline 0.002 -15"><span class='ocrx_word' id='word_1_153' title='bbox 75 1325 266 1368; x_wconf 87' lang='lat' dir='ltr'>Justitia</span> <span class='ocrx_word' id='word_1_154' title='bbox 313 1329 358 1367; x_wconf 89' lang='lat' dir='ltr'>et</span> <span class='ocrx_word' id='word_1_155' title='bbox 403 1326 526 1381; x_wconf 83' lang='lat' dir='ltr'>Jure,</span> <span class='ocrx_word' id='word_1_156' title='bbox 576 1326 631 1368; x_wconf 92' lang='lat' dir='ltr'>de</span> <span class='ocrx_word' id='word_1_157' title='bbox 669 1326 993 1381; x_wconf 83' lang='lat' dir='ltr'>Restitutione,</span> <span class='ocrx_word' id='word_1_158' title='bbox 1041 1326 1094 1368; x_wconf 90' lang='lat' dir='ltr'>de</span> <span class='ocrx_word' id='word_1_159' title='bbox 1132 1326 1293 1381; x_wconf 89' lang='lat' dir='ltr'>Vsura,</span> <span class='ocrx_word' id='word_1_160' title='bbox 1341 1326 1395 1368; x_wconf 90' lang='lat' dir='ltr'>de</span> <span class='ocrx_word' id='word_1_161' title='bbox 1436 1327 1772 1382; x_wconf 77' lang='lat' dir='ltr'>ContractibUS,</span> 
     </span>
     <span class='ocr_line' id='line_1_20' title="bbox 77 1396 1772 1454; baseline 0.001 -15"><span class='ocrx_word' id='word_1_162' title='bbox 77 1401 298 1453; x_wconf 89' lang='lat' dir='ltr'>quantum</span> <span class='ocrx_word' id='word_1_163' title='bbox 331 1401 497 1454; x_wconf 89' lang='lat' dir='ltr'>potest,</span> <span class='ocrx_word' id='word_1_164' title='bbox 531 1397 734 1439; x_wconf 86' lang='lat' dir='ltr'>disserat.</span> <span class='ocrx_word' id='word_1_165' title='bbox 789 1396 962 1446; x_wconf 80' lang='lat' dir='ltr'>Quarto</span> <span class='ocrx_word' id='word_1_166' title='bbox 993 1402 1300 1454; x_wconf 88' lang='lat' dir='ltr'>persequatur,</span> <span class='ocrx_word' id='word_1_167' title='bbox 1333 1397 1371 1439; x_wconf 90' lang='lat' dir='ltr'>si</span> <span class='ocrx_word' id='word_1_168' title='bbox 1404 1398 1481 1454; x_wconf 91' lang='lat' dir='ltr'>qui</span> <span class='ocrx_word' id='word_1_169' title='bbox 1513 1402 1772 1440; x_wconf 89' lang='lat' dir='ltr'>contractus</span> 
     </span>
     <span class='ocr_line' id='line_1_21' title="bbox 76 1467 1773 1526; baseline 0.001 -16"><span class='ocrx_word' id='word_1_170' title='bbox 76 1467 413 1525; x_wconf 83' lang='lat' dir='ltr'>superfuerant,</span> <span class='ocrx_word' id='word_1_171' title='bbox 452 1473 497 1510; x_wconf 92' lang='lat' dir='ltr'>et</span> <span class='ocrx_word' id='word_1_172' title='bbox 536 1468 676 1510; x_wconf 89' lang='lat' dir='ltr'>addat</span> <span class='ocrx_word' id='word_1_173' title='bbox 714 1483 828 1524; x_wconf 91' lang='lat' dir='ltr'>quae</span> <span class='ocrx_word' id='word_1_174' title='bbox 869 1468 923 1510; x_wconf 92' lang='lat' dir='ltr'>de</span> <span class='ocrx_word' id='word_1_175' title='bbox 961 1468 1203 1524; x_wconf 85' lang='lat' dir='ltr'>Religione</span> <span class='ocrx_word' id='word_1_176' title='bbox 1242 1472 1287 1510; x_wconf 87' lang='lat' dir='ltr'>et</span> <span class='ocrx_word' id='word_1_177' title='bbox 1328 1468 1533 1511; x_wconf 84' lang='lat' dir='ltr'>Statibus</span> <span class='ocrx_word' id='word_1_178' title='bbox 1572 1468 1773 1526; x_wconf 90' lang='lat' dir='ltr'>disputat</span> 
     </span>
     <span class='ocr_line' id='line_1_22' title="bbox 78 1533 1770 1596; baseline 0 -14"><span class='ocrx_word' id='word_1_179' title='bbox 78 1540 122 1582; x_wconf 90' lang='lat' dir='ltr'>S.</span> <span class='ocrx_word' id='word_1_180' title='bbox 141 1539 348 1582; x_wconf 82' lang='lat' dir='ltr'>Thomas.</span> <span class='ocrx_word' id='word_1_181' title='bbox 382 1540 603 1582; x_wconf 89' lang='lat' dir='ltr'>Tertius</span> <span class='ocrx_word' id='word_1_182' title='bbox 635 1540 775 1582; x_wconf 91' lang='lat' dir='ltr'>lector</span> <span class='ocrx_word' id='word_1_183' title='bbox 808 1533 1106 1595; x_wconf 85' lang='lat' dir='ltr'>quadriennio</span> <span class='ocrx_word' id='word_1_184' title='bbox 1128 1539 1325 1581; x_wconf 88' lang='lat' dir='ltr'>Tertiam</span> <span class='ocrx_word' id='word_1_185' title='bbox 1343 1540 1528 1582; x_wconf 89' lang='lat' dir='ltr'>Partem</span> <span class='ocrx_word' id='word_1_186' title='bbox 1561 1544 1770 1596; x_wconf 84' lang='lat' dir='ltr'>exponat,</span> 
     </span>
     <span class='ocr_line' id='line_1_23' title="bbox 75 1610 1772 1666; baseline 0 -13"><span class='ocrx_word' id='word_1_187' title='bbox 75 1611 145 1653; x_wconf 87' lang='lat' dir='ltr'>ita</span> <span class='ocrx_word' id='word_1_188' title='bbox 174 1614 227 1653; x_wconf 87' lang='lat' dir='ltr'>vt</span> <span class='ocrx_word' id='word_1_189' title='bbox 257 1615 347 1653; x_wconf 86' lang='lat' dir='ltr'>tres</span> <span class='ocrx_word' id='word_1_190' title='bbox 378 1625 520 1653; x_wconf 89' lang='lat' dir='ltr'>annos</span> <span class='ocrx_word' id='word_1_191' title='bbox 551 1610 729 1653; x_wconf 86' lang='lat' dir='ltr'>diuidat</span> <span class='ocrx_word' id='word_1_192' title='bbox 759 1610 889 1652; x_wconf 89' lang='lat' dir='ltr'>iuxta</span> <span class='ocrx_word' id='word_1_193' title='bbox 919 1611 1141 1653; x_wconf 89' lang='lat' dir='ltr'>rationem</span> <span class='ocrx_word' id='word_1_194' title='bbox 1179 1611 1581 1666; x_wconf 66' lang='lat' dir='ltr'>materierum1sic]</span> <span class='ocrx_word' id='word_1_195' title='bbox 1615 1615 1660 1653; x_wconf 90' lang='lat' dir='ltr'>et</span> <span class='ocrx_word' id='word_1_196' title='bbox 1686 1615 1772 1653; x_wconf 91' lang='lat' dir='ltr'>ter-</span> 
     </span>
     <span class='ocr_line' id='line_1_24' title="bbox 76 1681 1807 1738; baseline 0.001 -14"><span class='ocrx_word' id='word_1_197' title='bbox 76 1682 317 1737; x_wconf 87' lang='lat' dir='ltr'>minorum,</span> <span class='ocrx_word' id='word_1_198' title='bbox 358 1682 412 1724; x_wconf 88' lang='lat' dir='ltr'>de</span> <span class='ocrx_word' id='word_1_199' title='bbox 444 1682 607 1737; x_wconf 90' lang='lat' dir='ltr'>quibus</span> <span class='ocrx_word' id='word_1_200' title='bbox 647 1697 784 1738; x_wconf 90' lang='lat' dir='ltr'>supra</span> <span class='ocrx_word' id='word_1_201' title='bbox 817 1681 991 1724; x_wconf 89' lang='lat' dir='ltr'>dictum</span> <span class='ocrx_word' id='word_1_202' title='bbox 1022 1686 1104 1724; x_wconf 91' lang='lat' dir='ltr'>est:</span> <span class='ocrx_word' id='word_1_203' title='bbox 1151 1696 1295 1724; x_wconf 90' lang='lat' dir='ltr'>vnum</span> <span class='ocrx_word' id='word_1_204' title='bbox 1331 1695 1439 1725; x_wconf 84' lang='lat' dir='ltr'>vero</span> <span class='ocrx_word' id='word_1_205' title='bbox 1471 1697 1641 1724; x_wconf 89' lang='lat' dir='ltr'>annum</span> <span class='ocrx_word' id='word_1_206' title='bbox 1673 1697 1773 1724; x_wconf 89' lang='lat' dir='ltr'>cen·</span> <span class='ocrx_word' id='word_1_207' title='bbox 1805 1722 1807 1725; x_wconf 86' lang='lat'>.</span> 
     </span>
     <span class='ocr_line' id='line_1_25' title="bbox 75 1752 1773 1810; baseline 0 -15"><span class='ocrx_word' id='word_1_208' title='bbox 75 1753 189 1795; x_wconf 90' lang='lat' dir='ltr'>suris</span> <span class='ocrx_word' id='word_1_209' title='bbox 214 1752 544 1795; x_wconf 88' lang='lat' dir='ltr'>Ecclesiasticis</span> <span class='ocrx_word' id='word_1_210' title='bbox 579 1752 827 1810; x_wconf 88' lang='lat' dir='ltr'>impendat,</span> <span class='ocrx_word' id='word_1_211' title='bbox 858 1766 1039 1809; x_wconf 88' lang='lat' dir='ltr'>prorsus</span> <span class='ocrx_word' id='word_1_212' title='bbox 1067 1757 1118 1795; x_wconf 88' lang='lat' dir='ltr'>vt</span> <span class='ocrx_word' id='word_1_213' title='bbox 1136 1757 1227 1795; x_wconf 87' lang='lat' dir='ltr'>tres</span> <span class='ocrx_word' id='word_1_214' title='bbox 1248 1753 1318 1795; x_wconf 92' lang='lat' dir='ltr'>illi</span> <span class='ocrx_word' id='word_1_215' title='bbox 1338 1753 1524 1795; x_wconf 88' lang='lat' dir='ltr'>lectores</span> <span class='ocrx_word' id='word_1_216' title='bbox 1544 1757 1773 1810; x_wconf 88' lang='lat' dir='ltr'>praestent</span> 
     </span>
     <span class='ocr_line' id='line_1_26' title="bbox 76 1823 1772 1881; baseline 0 -15"><span class='ocrx_word' id='word_1_217' title='bbox 76 1824 198 1881; x_wconf 88' lang='lat' dir='ltr'>quod</span> <span class='ocrx_word' id='word_1_218' title='bbox 222 1823 333 1866; x_wconf 88' lang='lat' dir='ltr'>alibi</span> <span class='ocrx_word' id='word_1_219' title='bbox 353 1824 406 1866; x_wconf 90' lang='lat' dir='ltr'>fit</span> <span class='ocrx_word' id='word_1_220' title='bbox 426 1838 507 1881; x_wconf 87' lang='lat' dir='ltr'>per</span> <span class='ocrx_word' id='word_1_221' title='bbox 528 1823 638 1866; x_wconf 89' lang='lat' dir='ltr'>duos</span> <span class='ocrx_word' id='word_1_222' title='bbox 657 1823 961 1866; x_wconf 85' lang='lat' dir='ltr'>Scholasticos</span> <span class='ocrx_word' id='word_1_223' title='bbox 983 1823 1264 1866; x_wconf 82' lang='lat' dir='ltr'>Professores</span> <span class='ocrx_word' id='word_1_224' title='bbox 1296 1828 1341 1866; x_wconf 87' lang='lat' dir='ltr'>et</span> <span class='ocrx_word' id='word_1_225' title='bbox 1376 1839 1516 1867; x_wconf 84' lang='lat' dir='ltr'>vnum</span> <span class='ocrx_word' id='word_1_226' title='bbox 1537 1824 1772 1880; x_wconf 84' lang='lat' dir='ltr'>Casistam,</span> 
     </span>
     <span class='ocr_line' id='line_1_27' title="bbox 77 1894 1505 1953; baseline -0.001 -15"><span class='ocrx_word' id='word_1_227' title='bbox 77 1911 212 1952; x_wconf 88' lang='lat' dir='ltr'>quem</span> <span class='ocrx_word' id='word_1_228' title='bbox 242 1900 477 1953; x_wconf 86' lang='lat' dir='ltr'>propterea</span> <span class='ocrx_word' id='word_1_229' title='bbox 507 1895 603 1937; x_wconf 90' lang='grc'>11110</span> <span class='ocrx_word' id='word_1_230' title='bbox 635 1910 660 1937; x_wconf 85' lang='grc'>6</span> <span class='ocrx_word' id='word_1_231' title='bbox 691 1894 933 1951; x_wconf 86' lang='lat' dir='ltr'>Theologis</span> <span class='ocrx_word' id='word_1_232' title='bbox 965 1895 1113 1937; x_wconf 88' lang='lat' dir='ltr'>audiri</span> <span class='ocrx_word' id='word_1_233' title='bbox 1141 1909 1232 1937; x_wconf 91' lang='lat' dir='ltr'>non</span> <span class='ocrx_word' id='word_1_234' title='bbox 1267 1895 1505 1952; x_wconf 88' lang='lat' dir='ltr'>oportebit.</span> 
     </span>
    </p>

    <p class='ocr_par' dir='ltr' id='par_1_6' title="bbox 76 1965 1775 2379">
     <span class='ocr_line' id='line_1_28' title="bbox 219 1965 1772 2023; baseline -0.002 -11"><span class='ocrx_word' id='word_1_235' title='bbox 219 1968 259 2012; x_wconf 81' lang='lat'>5.</span> <span class='ocrx_word' id='word_1_236' title='bbox 294 1966 344 2010; x_wconf 88' lang='lat' dir='ltr'>Si</span> <span class='ocrx_word' id='word_1_237' title='bbox 381 1966 561 2022; x_wconf 90' lang='lat' dir='ltr'>quando</span> <span class='ocrx_word' id='word_1_238' title='bbox 601 1966 645 2008; x_wconf 90' lang='lat' dir='ltr'>S.</span> <span class='ocrx_word' id='word_1_239' title='bbox 677 1967 872 2008; x_wconf 81' lang='lat' dir='ltr'>Thomas</span> <span class='ocrx_word' id='word_1_240' title='bbox 910 1966 1099 2009; x_wconf 90' lang='lat' dir='ltr'>eandem</span> <span class='ocrx_word' id='word_1_241' title='bbox 1136 1966 1452 2009; x_wconf 86' lang='lat' dir='ltr'>difficultatem</span> <span class='ocrx_word' id='word_1_242' title='bbox 1488 1965 1685 2023; x_wconf 85' lang='lat' dir='ltr'>partitur</span> <span class='ocrx_word' id='word_1_243' title='bbox 1723 1967 1772 2009; x_wconf 94' lang='lat' dir='ltr'>in</span> 
     </span>
     <span class='ocr_line' id='line_1_29' title="bbox 76 2037 1773 2095; baseline 0 -15"><span class='ocrx_word' id='word_1_244' title='bbox 76 2038 227 2095; x_wconf 78' lang='lat' dir='ltr'>plures</span> <span class='ocrx_word' id='word_1_245' title='bbox 259 2038 485 2092; x_wconf 73' lang='lat' dir='ltr'>articulos,</span> <span class='ocrx_word' id='word_1_246' title='bbox 518 2051 680 2093; x_wconf 93' lang='lat' dir='ltr'>eosque</span> <span class='ocrx_word' id='word_1_247' title='bbox 707 2037 919 2079; x_wconf 81' lang='lat' dir='ltr'>distrahit</span> <span class='ocrx_word' id='word_1_248' title='bbox 937 2037 987 2079; x_wconf 90' lang='lat' dir='ltr'>in</span> <span class='ocrx_word' id='word_1_249' title='bbox 1007 2037 1225 2080; x_wconf 88' lang='lat' dir='ltr'>distantes</span> <span class='ocrx_word' id='word_1_250' title='bbox 1248 2038 1544 2094; x_wconf 88' lang='lat' dir='ltr'>quaestiones,</span> <span class='ocrx_word' id='word_1_251' title='bbox 1576 2053 1633 2080; x_wconf 92' lang='lat' dir='ltr'>ne</span> <span class='ocrx_word' id='word_1_252' title='bbox 1653 2038 1773 2081; x_wconf 89' lang='lat' dir='ltr'>idem</span> 
     </span>
     <span class='ocr_line' id='line_1_30' title="bbox 77 2108 1773 2166; baseline -0.001 -14"><span class='ocrx_word' id='word_1_253' title='bbox 77 2109 148 2152; x_wconf 90' lang='lat' dir='ltr'>bis</span> <span class='ocrx_word' id='word_1_254' title='bbox 185 2113 425 2166; x_wconf 89' lang='lat' dir='ltr'>repetatur,</span> <span class='ocrx_word' id='word_1_255' title='bbox 472 2108 631 2151; x_wconf 89' lang='lat' dir='ltr'>licebit</span> <span class='ocrx_word' id='word_1_256' title='bbox 663 2109 951 2165; x_wconf 85' lang='lat' dir='ltr'>Praeceptori</span> <span class='ocrx_word' id='word_1_257' title='bbox 982 2109 1255 2165; x_wconf 85' lang='lat' dir='ltr'>coniungere</span> <span class='ocrx_word' id='word_1_258' title='bbox 1286 2110 1335 2151; x_wconf 93' lang='lat' dir='ltr'>in</span> <span class='ocrx_word' id='word_1_259' title='bbox 1366 2124 1522 2165; x_wconf 86' lang='lat' dir='ltr'>vnum,</span> <span class='ocrx_word' id='word_1_260' title='bbox 1571 2124 1684 2166; x_wconf 91' lang='lat' dir='ltr'>quae</span> <span class='ocrx_word' id='word_1_261' title='bbox 1716 2108 1773 2151; x_wconf 89' lang='lat' dir='ltr'>ad</span> 
     </span>
     <span class='ocr_line' id='line_1_31' title="bbox 79 2179 1775 2237; baseline 0 -15"><span class='ocrx_word' id='word_1_262' title='bbox 79 2180 268 2223; x_wconf 89' lang='lat' dir='ltr'>eandem</span> <span class='ocrx_word' id='word_1_263' title='bbox 285 2179 598 2222; x_wconf 86' lang='lat' dir='ltr'>difficultatem</span> <span class='ocrx_word' id='word_1_264' title='bbox 615 2184 821 2237; x_wconf 87' lang='lat' dir='ltr'>spectant</span> <span class='ocrx_word' id='word_1_265' title='bbox 838 2194 895 2221; x_wconf 81' lang='lat' dir='ltr'>ex</span> <span class='ocrx_word' id='word_1_266' title='bbox 915 2180 1071 2222; x_wconf 89' lang='lat' dir='ltr'>multis</span> <span class='ocrx_word' id='word_1_267' title='bbox 1092 2180 1307 2236; x_wconf 87' lang='lat' dir='ltr'>articulis,</span> <span class='ocrx_word' id='word_1_268' title='bbox 1339 2184 1392 2223; x_wconf 89' lang='lat' dir='ltr'>vt</span> <span class='ocrx_word' id='word_1_269' title='bbox 1412 2195 1503 2223; x_wconf 87' lang='lat' dir='ltr'>vna</span> <span class='ocrx_word' id='word_1_270' title='bbox 1524 2181 1775 2236; x_wconf 86' lang='lat' dir='ltr'>integretur</span> 
     </span>
     <span class='ocr_line' id='line_1_32' title="bbox 80 2250 1775 2309; baseline 0 -16"><span class='ocrx_word' id='word_1_271' title='bbox 80 2250 297 2308; x_wconf 83' lang='lat' dir='ltr'>quaestio,</span> <span class='ocrx_word' id='word_1_272' title='bbox 332 2255 376 2293; x_wconf 91' lang='lat' dir='ltr'>et</span> <span class='ocrx_word' id='word_1_273' title='bbox 407 2251 542 2293; x_wconf 87' lang='lat' dir='ltr'>semel</span> <span class='ocrx_word' id='word_1_274' title='bbox 573 2265 641 2293; x_wconf 91' lang='lat' dir='ltr'>res</span> <span class='ocrx_word' id='word_1_275' title='bbox 672 2255 770 2293; x_wconf 86' lang='lat' dir='ltr'>tota</span> <span class='ocrx_word' id='word_1_276' title='bbox 802 2250 884 2293; x_wconf 88' lang='lat' dir='ltr'>sub</span> <span class='ocrx_word' id='word_1_277' title='bbox 917 2251 1070 2294; x_wconf 89' lang='lat' dir='ltr'>oculos</span> <span class='ocrx_word' id='word_1_278' title='bbox 1100 2256 1295 2309; x_wconf 90' lang='lat' dir='ltr'>ponatur</span> <span class='ocrx_word' id='word_1_279' title='bbox 1327 2251 1623 2294; x_wconf 86' lang='lat' dir='ltr'>auditoribus.</span> <span class='ocrx_word' id='word_1_280' title='bbox 1684 2250 1775 2301; x_wconf 79' lang='lat' dir='ltr'>Qui</span> 
     </span>
     <span class='ocr_line' id='line_1_33' title="bbox 80 2321 1743 2379; baseline -0.002 -13"><span class='ocrx_word' id='word_1_281' title='bbox 80 2337 186 2366; x_wconf 87' lang='lat' dir='ltr'>vero</span> <span class='ocrx_word' id='word_1_282' title='bbox 218 2322 341 2364; x_wconf 91' lang='lat' dir='ltr'>nolet</span> <span class='ocrx_word' id='word_1_283' title='bbox 371 2337 422 2364; x_wconf 88' lang='lat' dir='ltr'>ea</span> <span class='ocrx_word' id='word_1_284' title='bbox 454 2322 739 2378; x_wconf 84' lang='lat' dir='ltr'>coniungere,</span> <span class='ocrx_word' id='word_1_285' title='bbox 773 2326 943 2376; x_wconf 88' lang='lat' dir='ltr'>caueat‚</span> <span class='ocrx_word' id='word_1_286' title='bbox 975 2337 1031 2364; x_wconf 90' lang='lat' dir='ltr'>ne</span> <span class='ocrx_word' id='word_1_287' title='bbox 1062 2322 1181 2365; x_wconf 91' lang='lat' dir='ltr'>idem</span> <span class='ocrx_word' id='word_1_288' title='bbox 1212 2323 1386 2365; x_wconf 91' lang='lat' dir='ltr'>duobus</span> <span class='ocrx_word' id='word_1_289' title='bbox 1416 2326 1590 2379; x_wconf 88' lang='lat' dir='ltr'>repetat</span> <span class='ocrx_word' id='word_1_290' title='bbox 1619 2321 1743 2364; x_wconf 91' lang='lat' dir='ltr'>locis.</span> 
     </span>
    </p>

    <p class='ocr_par' dir='ltr' id='par_1_7' title="bbox 81 2392 1775 2663">
     <span class='ocr_line' id='line_1_34' title="bbox 226 2392 1775 2450; baseline -0.002 -13"><span class='ocrx_word' id='word_1_291' title='bbox 226 2397 265 2438; x_wconf 88' lang='lat'>6.</span> <span class='ocrx_word' id='word_1_292' title='bbox 299 2392 424 2443; x_wconf 79' lang='lat' dir='ltr'>Quae</span> <span class='ocrx_word' id='word_1_293' title='bbox 468 2393 650 2450; x_wconf 81' lang='lat' dir='ltr'>propria</span> <span class='ocrx_word' id='word_1_294' title='bbox 694 2398 800 2435; x_wconf 90' lang='lat' dir='ltr'>sunt</span> <span class='ocrx_word' id='word_1_295' title='bbox 837 2392 1127 2449; x_wconf 85' lang='lat' dir='ltr'>Logicorum,</span> <span class='ocrx_word' id='word_1_296' title='bbox 1174 2393 1486 2450; x_wconf 84' lang='lat' dir='ltr'>Physicorum,</span> <span class='ocrx_word' id='word_1_297' title='bbox 1535 2392 1775 2449; x_wconf 81' lang='lat' dir='ltr'>Metaphy-</span> 
     </span>
     <span class='ocr_line' id='line_1_35' title="bbox 81 2463 1774 2521; baseline -0.001 -15"><span class='ocrx_word' id='word_1_298' title='bbox 81 2463 274 2506; x_wconf 88' lang='lat' dir='ltr'>sicorum</span> <span class='ocrx_word' id='word_1_299' title='bbox 290 2469 614 2521; x_wconf 88' lang='lat' dir='ltr'>supponantur,</span> <span class='ocrx_word' id='word_1_300' title='bbox 646 2468 698 2507; x_wconf 87' lang='lat' dir='ltr'>vt</span> <span class='ocrx_word' id='word_1_301' title='bbox 730 2464 842 2506; x_wconf 87' lang='lat' dir='ltr'>alibi</span> <span class='ocrx_word' id='word_1_302' title='bbox 872 2468 1086 2519; x_wconf 88' lang='lat' dir='ltr'>tractata;</span> <span class='ocrx_word' id='word_1_303' title='bbox 1120 2468 1165 2506; x_wconf 92' lang='lat' dir='ltr'>et</span> <span class='ocrx_word' id='word_1_304' title='bbox 1196 2464 1234 2506; x_wconf 92' lang='lat' dir='ltr'>si</span> <span class='ocrx_word' id='word_1_305' title='bbox 1264 2464 1375 2521; x_wconf 91' lang='lat' dir='ltr'>quid</span> <span class='ocrx_word' id='word_1_306' title='bbox 1406 2479 1461 2506; x_wconf 86' lang='lat' dir='ltr'>ex</span> <span class='ocrx_word' id='word_1_307' title='bbox 1490 2463 1545 2520; x_wconf 86' lang='lat' dir='ltr'>ijs</span> <span class='ocrx_word' id='word_1_308' title='bbox 1576 2478 1774 2506; x_wconf 89' lang='lat' dir='ltr'>necessa-</span> 
     </span>
     <span class='ocr_line' id='line_1_36' title="bbox 83 2534 1775 2592; baseline 0 -16"><span class='ocrx_word' id='word_1_309' title='bbox 83 2534 202 2577; x_wconf 90' lang='lat' dir='ltr'>rium</span> <span class='ocrx_word' id='word_1_310' title='bbox 240 2534 422 2592; x_wconf 90' lang='lat' dir='ltr'>proprio</span> <span class='ocrx_word' id='word_1_311' title='bbox 461 2534 663 2577; x_wconf 87' lang='lat' dir='ltr'>subiecto</span> <span class='ocrx_word' id='word_1_312' title='bbox 695 2535 969 2591; x_wconf 88' lang='lat' dir='ltr'>Theologiae</span> <span class='ocrx_word' id='word_1_313' title='bbox 999 2535 1148 2590; x_wconf 82' lang='lat' dir='ltr'>fuerit,</span> <span class='ocrx_word' id='word_1_314' title='bbox 1180 2535 1335 2592; x_wconf 91' lang='lat' dir='ltr'>potius</span> <span class='ocrx_word' id='word_1_315' title='bbox 1365 2535 1589 2590; x_wconf 90' lang='lat' dir='ltr'>recitetur,</span> <span class='ocrx_word' id='word_1_316' title='bbox 1638 2548 1775 2590; x_wconf 88' lang='lat' dir='ltr'>quam</span> 
     </span>
     <span class='ocr_line' id='line_1_37' title="bbox 84 2605 350 2663; baseline 0 -15"><span class='ocrx_word' id='word_1_317' title='bbox 84 2605 350 2663; x_wconf 87' lang='lat' dir='ltr'>disputetur.</span> 
     </span>
    </p>

    <p class='ocr_par' dir='ltr' id='par_1_8' title="bbox 84 2677 1886 3093">
     <span class='ocr_line' id='line_1_38' title="bbox 224 2677 1773 2736; baseline -0.001 -15"><span class='ocrx_word' id='word_1_318' title='bbox 224 2681 264 2721; x_wconf 86' lang='lat'>7.</span> <span class='ocrx_word' id='word_1_319' title='bbox 298 2678 353 2720; x_wconf 88' lang='lat' dir='ltr'>In</span> <span class='ocrx_word' id='word_1_320' title='bbox 373 2679 697 2735; x_wconf 89' lang='lat' dir='ltr'>pertractandis</span> <span class='ocrx_word' id='word_1_321' title='bbox 721 2677 1064 2736; x_wconf 83' lang='lat' dir='ltr'>Controuersijs,</span> <span class='ocrx_word' id='word_1_322' title='bbox 1086 2693 1201 2736; x_wconf 87' lang='lat' dir='ltr'>quae</span> <span class='ocrx_word' id='word_1_323' title='bbox 1221 2677 1272 2722; x_wconf 91' lang='lat' dir='ltr'>in</span> <span class='ocrx_word' id='word_1_324' title='bbox 1294 2678 1495 2736; x_wconf 84' lang='lat' dir='ltr'>qualibet</span> <span class='ocrx_word' id='word_1_325' title='bbox 1511 2679 1555 2722; x_wconf 90' lang='lat' dir='ltr'>S.</span> <span class='ocrx_word' id='word_1_326' title='bbox 1574 2677 1773 2721; x_wconf 78' lang='lat' dir='ltr'>Thomas</span> 
     </span>
     <span class='ocr_line' id='line_1_39' title="bbox 84 2747 1886 2807; baseline -0.001 -17"><span class='ocrx_word' id='word_1_327' title='bbox 84 2747 222 2790; x_wconf 89' lang='lat' dir='ltr'>Parte</span> <span class='ocrx_word' id='word_1_328' title='bbox 244 2748 532 2804; x_wconf 87' lang='lat' dir='ltr'>occurrerint,</span> <span class='ocrx_word' id='word_1_329' title='bbox 565 2754 711 2793; x_wconf 87' lang='lat' dir='ltr'>seruet</span> <span class='ocrx_word' id='word_1_330' title='bbox 734 2751 1039 2794; x_wconf 88' lang='lat' dir='ltr'>Scholasticus</span> <span class='ocrx_word' id='word_1_331' title='bbox 1067 2753 1073 2804; x_wconf 91' lang='grc' dir='ltr'>Ι</span> <span class='ocrx_word' id='word_1_332' title='bbox 1102 2750 1429 2794; x_wconf 87' lang='lat' dir='ltr'>Scholasticam</span> <span class='ocrx_word' id='word_1_333' title='bbox 1449 2750 1614 2807; x_wconf 88' lang='lat' dir='ltr'>potius,</span> <span class='ocrx_word' id='word_1_334' title='bbox 1634 2763 1770 2806; x_wconf 89' lang='lat' dir='ltr'>quam</span> <span class='ocrx_word' id='word_1_335' title='bbox 1790 2772 1818 2797; x_wconf 78' lang='lat' dir='ltr'>p.</span> <span class='ocrx_word' id='word_1_336' title='bbox 1840 2764 1886 2790; x_wconf 78' lang='lat'>92.</span> 
     </span>
     <span class='ocr_line' id='line_1_40' title="bbox 87 2818 1775 2879; baseline 0.001 -18"><span class='ocrx_word' id='word_1_337' title='bbox 87 2818 364 2862; x_wconf 88' lang='lat' dir='ltr'>Historicam</span> <span class='ocrx_word' id='word_1_338' title='bbox 403 2820 643 2863; x_wconf 87' lang='lat' dir='ltr'>rationem:</span> <span class='ocrx_word' id='word_1_339' title='bbox 688 2825 732 2863; x_wconf 91' lang='lat' dir='ltr'>et</span> <span class='ocrx_word' id='word_1_340' title='bbox 762 2821 872 2864; x_wconf 89' lang='lat' dir='ltr'>satis</span> <span class='ocrx_word' id='word_1_341' title='bbox 904 2837 995 2864; x_wconf 91' lang='lat' dir='ltr'>esse</span> <span class='ocrx_word' id='word_1_342' title='bbox 1025 2825 1155 2879; x_wconf 88' lang='lat' dir='ltr'>putet</span> <span class='ocrx_word' id='word_1_343' title='bbox 1186 2820 1435 2878; x_wconf 84' lang='lat' dir='ltr'>quamlibet</span> <span class='ocrx_word' id='word_1_344' title='bbox 1469 2820 1775 2864; x_wconf 90' lang='lat' dir='ltr'>conlusionem</span> 
     </span>
     <span class='ocr_line' id='line_1_41' title="bbox 88 2889 1774 2936; baseline 0 -4"><span class='ocrx_word' id='word_1_345' title='bbox 88 2889 263 2933; x_wconf 89' lang='lat' dir='ltr'>duobus</span> <span class='ocrx_word' id='word_1_346' title='bbox 295 2895 376 2933; x_wconf 88' lang='lat' dir='ltr'>ant</span> <span class='ocrx_word' id='word_1_347' title='bbox 408 2890 553 2933; x_wconf 89' lang='lat' dir='ltr'>tribus</span> <span class='ocrx_word' id='word_1_348' title='bbox 583 2892 836 2935; x_wconf 86' lang='lat' dir='ltr'>illustribus</span> <span class='ocrx_word' id='word_1_349' title='bbox 868 2892 1177 2936; x_wconf 88' lang='lat' dir='ltr'>fundamentis</span> <span class='ocrx_word' id='word_1_350' title='bbox 1207 2892 1399 2935; x_wconf 87' lang='lat' dir='ltr'>munire:</span> <span class='ocrx_word' id='word_1_351' title='bbox 1433 2891 1605 2935; x_wconf 86' lang='lat' dir='ltr'>diluere</span> <span class='ocrx_word' id='word_1_352' title='bbox 1638 2892 1774 2933; x_wconf 90' lang='lat' dir='ltr'>etiam</span> 
     </span>
     <span class='ocr_line' id='line_1_42' title="bbox 86 2960 1776 3020; baseline -0.001 -16"><span class='ocrx_word' id='word_1_353' title='bbox 86 2961 274 3005; x_wconf 90' lang='lat' dir='ltr'>totidem</span> <span class='ocrx_word' id='word_1_354' title='bbox 305 2962 395 3005; x_wconf 78' lang='lat' dir='ltr'>fere</span> <span class='ocrx_word' id='word_1_355' title='bbox 422 2962 684 3020; x_wconf 87' lang='lat' dir='ltr'>praecipuas</span> <span class='ocrx_word' id='word_1_356' title='bbox 706 2964 1030 3007; x_wconf 87' lang='lat' dir='ltr'>haereticorum</span> <span class='ocrx_word' id='word_1_357' title='bbox 1049 2963 1313 3006; x_wconf 89' lang='lat' dir='ltr'>calumnias:</span> <span class='ocrx_word' id='word_1_358' title='bbox 1345 2963 1515 3006; x_wconf 90' lang='lat' dir='ltr'>indicet</span> <span class='ocrx_word' id='word_1_359' title='bbox 1544 2966 1697 3004; x_wconf 87' lang='lat' dir='ltr'>tamen</span> <span class='ocrx_word' id='word_1_360' title='bbox 1726 2960 1776 3003; x_wconf 90' lang='lat' dir='ltr'>in</span> 
     </span>
     <span class='ocr_line' id='line_1_43' title="bbox 88 3031 1776 3093; baseline 0 -19"><span class='ocrx_word' id='word_1_361' title='bbox 88 3032 280 3090; x_wconf 86' lang='lat' dir='ltr'>singulis</span> <span class='ocrx_word' id='word_1_362' title='bbox 291 3037 491 3077; x_wconf 88' lang='lat' dir='ltr'>autorem</span> <span class='ocrx_word' id='word_1_363' title='bbox 501 3034 772 3092; x_wconf 87' lang='lat' dir='ltr'>quempiam,</span> <span class='ocrx_word' id='word_1_364' title='bbox 788 3035 933 3092; x_wconf 89' lang='lat' dir='ltr'>inquo</span> <span class='ocrx_word' id='word_1_365' title='bbox 944 3038 1119 3079; x_wconf 84' lang='lat' dir='ltr'>caetera</span> <span class='ocrx_word' id='word_1_366' title='bbox 1133 3034 1312 3093; x_wconf 85' lang='lat' dir='ltr'>plenius</span> <span class='ocrx_word' id='word_1_367' title='bbox 1327 3034 1420 3091; x_wconf 86' lang='lat' dir='ltr'>legi</span> <span class='ocrx_word' id='word_1_368' title='bbox 1434 3036 1617 3092; x_wconf 85' lang='lat' dir='ltr'>possent</span> <span class='ocrx_word' id='word_1_369' title='bbox 1628 3047 1637 3087; x_wconf 81' lang='lat'><em>3</em></span> <span class='ocrx_word' id='word_1_370' title='bbox 1656 3031 1776 3089; x_wconf 83' lang='lat' dir='ltr'>quod</span> 
     </span>
    </p>
   </div>
  </div>
 </body>
</html>
