2143 3462
242 1064 271 1087 p.
282 1053 349 1079 242.

263 2844 290 2867 p.
302 2836 365 2860 243.

363 195 445 236 166
531 202 642 237 Ratio
669 203 870 238 studiorum
897 208 934 238 et
958 204 1210 239 institutiones
1236 206 1480 241 scholasticae
1507 206 1698 241 Societatis
1725 207 1814 242 Jesu
1839 207 1876 242 II

498 323 595 364 Iam
628 338 735 365 vero
768 323 816 364 in
849 324 1183 366 Grammaticae
1216 329 1350 380 atque
1380 324 1571 365 Latinae
1602 324 1787 380 linguae
1819 325 2054 367 autoribus

357 394 639 451 explicandis
670 394 806 448 longe
829 394 1053 436 diuersam
1073 395 1196 437 ineat
1218 395 1458 437 rationem:
1493 395 1540 436 in
1561 394 1654 436 illis
1673 396 2051 452 praeceptionum,

356 466 404 507 in
435 465 505 507 his
536 479 700 507 vocum
732 469 776 506 et
806 466 1087 508 locutionum
1125 466 1255 509 nobis
1293 465 1529 522 praecipue
1568 466 1888 522 supellectilem
1933 482 2053 508 com-

356 551 577 594 paramus.
643 536 866 586 Quocirca
912 536 962 578 in
1007 537 1420 579 Grammaticorum
1467 536 1646 593 scriptis
1693 538 1942 580 curandum
1988 542 2056 580 est

358 608 565 662 maxime,
597 612 650 650 vt
680 623 748 649 res
780 607 900 663 ipsas
930 607 1057 663 pueri
1091 622 1225 663 quam
1257 608 1427 665 optime
1463 612 1661 662 teneant,
1699 608 1838 651 verba
1868 624 1961 651 non
1991 609 2057 650 ita

357 679 564 735 religiose
585 683 846 734 attenteque
868 683 1116 720 sectentur:
1150 682 1307 721 contra
1337 679 1386 721 in
1406 679 1623 736 Epistolis
1654 680 1714 721 M.
1741 679 1878 735 Tullij
1913 684 1959 721 et
1990 695 2056 721 re-

360 751 496 806 liquis
527 749 838 792 huiuscemodi
870 749 998 791 libris
1017 764 1110 791 non
1129 754 1223 791 tam
1245 750 1586 804 sententiarum,
1620 765 1756 805 quam
1776 750 2058 805 singularum

359 836 523 864 vocum
538 835 588 862 ac
602 820 881 862 locutionum
899 820 1102 862 ducenda
1116 824 1183 862 est
1198 821 1334 863 ratio:
1351 821 1678 863 sententiarum
1692 820 1761 863 vis
1779 821 2060 877 (praesertim

362 908 464 935 cum
483 907 579 934 eam
597 891 729 933 rudes
746 891 872 947 pueri
889 891 1074 932 minime
1089 891 1291 948 capiunt)
1309 892 1527 934 classibus
1545 892 1782 934 altioribus
1798 896 2061 934 reseruetur.

503 964 559 1005 In
591 962 807 1004 classibus
838 977 945 1017 ergo
979 962 1312 1005 Grammaticae
1332 963 1552 1020 Magister
1582 963 1910 1020 interpretandi
1941 963 2063 1006 Cice-

370 1034 493 1077 ronis
525 1033 697 1076 aliusve
729 1032 899 1075 autoris
928 1033 1046 1075 hanc
1076 1034 1301 1089 Regulam
1332 1034 1511 1093 telneat.
1558 1034 1762 1077 Primum
1793 1034 2064 1077 sententiam

366 1106 535 1149 autoris
568 1110 612 1147 et
645 1104 1009 1147 antecedentium
1042 1120 1144 1147 cum
1175 1104 1243 1161 ijs,
1277 1120 1391 1161 quae
1421 1105 1554 1148 modo
1576 1105 1915 1162 interpretanda
1945 1109 2063 1159 sunt,

368 1176 693 1220 connexionem
714 1176 992 1232 perstringat
1024 1190 1159 1231 quam
1190 1176 1485 1232 paucissimis.
1533 1176 1710 1219 Deinde
1741 1176 1977 1234 periodum
2008 1176 2065 1218 ad

371 1248 558 1291 verbum
587 1247 911 1304 interpretetur
940 1252 1117 1288 seruata
1148 1247 1442 1290 collocatione
1469 1248 1668 1304 itemque
1695 1248 1854 1304 figuris
1884 1247 2068 1302 autoris,

367 1320 517 1377 quoad
548 1319 645 1362 eius
675 1319 771 1361 fieri
803 1316 984 1376 poterit.
1047 1317 1300 1361 Verborum
1331 1333 1512 1375 nanque
1550 1319 1786 1376 dispositio
1826 1318 1946 1361 tanti
1984 1322 2067 1373 est,

370 1396 430 1446 vt,
462 1404 554 1434 vno
585 1390 815 1432 interdum
845 1389 985 1432 verbo
1019 1389 1136 1430 male
1175 1389 1413 1444 collocato,
1453 1394 1552 1433 tota
1589 1390 1682 1432 fere
1719 1390 1814 1432 labi
1846 1393 1890 1432 et
1921 1389 2068 1432 conci-

366 1464 469 1506 dere
507 1462 732 1504 sententia
762 1460 984 1504 videatur.
1047 1460 1119 1502 Ex
1157 1460 1239 1502 illa
1276 1461 1443 1518 quippe
1483 1462 1682 1504 exoritur
1721 1476 1936 1504 numerus
1973 1461 2066 1515 ille,

368 1535 460 1592 qui,
493 1534 532 1576 si
563 1534 638 1577 vel
667 1532 853 1589 reliquis
885 1536 1034 1575 careat
1066 1531 1354 1587 ornamentis,
1387 1532 1480 1590 ipse
1520 1537 1669 1575 tamen
1703 1548 1782 1591 per
1813 1548 1858 1575 se
1888 1531 2071 1575 mirabi-

369 1607 475 1649 liter
507 1620 635 1648 aures
668 1605 930 1660 animosque
962 1603 1168 1646 delectat.

512 1678 833 1734 Praeceptores
848 1675 993 1731 igitur
1003 1675 1094 1717 suis
1111 1674 1223 1716 locis
1239 1689 1384 1730 voces,
1402 1675 1490 1718 nisi
1505 1676 1661 1731 coacti,
1679 1690 1772 1718 non
1788 1675 2070 1728 dimoueant3

371 1753 423 1791 ut
455 1747 590 1790 simul
622 1751 666 1790 et
696 1746 938 1789 locutionis
969 1745 1239 1801 integritati,
1274 1761 1387 1802 quae
1419 1740 1733 1803 disiungendis
1754 1746 1944 1789 vocibus
1974 1760 2073 1803 per-

370 1835 498 1877 saepe
529 1819 721 1862 vitiatur
752 1823 889 1875 atque
920 1817 1236 1874 corrumpitur,
1269 1823 1314 1860 et
1345 1819 1523 1861 aurium
1548 1818 1759 1861 interiori
1789 1817 1859 1860 illi
1889 1816 2071 1871 iudicio,

372 1891 491 1948 quod
513 1891 760 1948 plurimum
776 1890 914 1932 refert
930 1891 978 1932 in
996 1888 1319 1946 cognoscendis
1336 1890 1542 1947 oratorijs
1561 1889 1774 1944 numeris,
1797 1889 2072 1931 consulatur·

372 1963 524 2005 Tertio
556 1967 654 2004 tota
685 1961 895 2019 periodus
926 1962 984 2004 ad
1014 1966 1292 2003 structuram
1322 1964 1680 2019 cognoscendam
1710 1961 1776 2003 ita
1805 1961 2072 2013 resoluatur,

371 2039 436 2088 vt,
470 2048 583 2090 quae
615 2048 824 2090 quanque
854 2048 947 2076 vox
977 2035 1143 2089 regatl,
1185 2036 1303 2078 clare
1342 2035 1471 2092 pueri
1501 2033 1782 2089 intelligant,
1819 2047 1901 2074 neo
1939 2030 2073 2074 vtiles

373 2105 591 2162 quasdam
622 2105 806 2160 linguae
838 2105 1032 2148 Latinae
1064 2105 1402 2149 obseruationes
1423 2106 1553 2148 bonis
1575 2104 1809 2147 autoribus
1828 2102 2073 2145 familiares

374 2178 598 2233 ignorent.

519 2249 713 2304 Singula
745 2248 907 2291 deinde
937 2250 1077 2292 verba
1108 2250 1173 2292 ita
1195 2249 1541 2307 perpendantur,
1572 2253 1625 2291 vt
1647 2251 1706 2302 et,
1738 2245 1848 2302 quid
1869 2259 2072 2300 vnoquo-

376 2336 462 2376 que
501 2320 782 2376 significetur
822 2325 867 2362 et
905 2321 1068 2377 quibus
1109 2336 1262 2364 eorum
1301 2320 1509 2377 quodque
1555 2319 1687 2361 rebus
1728 2317 1876 2375 aptari
1917 2315 2073 2373 possit,

377 2391 641 2434 ostendatur
677 2395 962 2448 cureturque,
1002 2396 1054 2434 vt
1092 2407 1203 2449 puer
1238 2393 1362 2435 vocis
1399 2393 1611 2447 cuiusque
1646 2389 1852 2431 natiuam
1883 2403 1934 2430 ac
1971 2401 2073 2444 pro-

378 2462 522 2519 priam
554 2462 719 2518 (quoad
751 2463 845 2505 eius
876 2463 974 2505 fieri
998 2464 1181 2520 poterit)
1213 2465 1443 2505 notionem
1466 2478 1518 2504 ac
1537 2461 1645 2516 vim,
1677 2475 1770 2503 non
1791 2472 2074 2503 communem

382 2533 608 2588 quandam
660 2538 795 2589 atque
846 2534 1162 2577 adumbratam
1212 2533 1615 2591 significationem,
1667 2531 1914 2586 intelligat:
1962 2528 2075 2570 sciat

383 2604 539 2658 etiam,
586 2619 698 2660 quae
744 2605 948 2660 vulgaris
1003 2605 1341 2648 consuetudinis
1386 2604 1569 2662 phrases
1607 2603 1787 2646 Latinis
1833 2616 1888 2644 ex
1934 2614 2074 2656 aequo

382 2675 648 2731 proprieque
692 2676 1005 2732 respondeant.
1077 2677 1363 2733 Metaphoras
1418 2690 1469 2717 ac
1513 2673 1834 2716 translationes
1879 2685 2075 2729 praeser-

385 2745 469 2787 tim
503 2745 709 2788 Ciceroni
740 2746 943 2803 proprias
980 2751 1110 2803 (quae
1148 2747 1236 2789 nisi
1272 2746 1606 2802 intelligantur,
1639 2760 1794 2788 veram
1825 2759 1876 2786 ac
1906 2741 2078 2800 propri-

386 2831 457 2858 am
486 2818 491 2870 Ι
519 2816 703 2871 linguae
735 2817 1041 2872 cognitionem
1072 2818 1358 2860 vehementer
1388 2817 1656 2874 impediunt)
1689 2816 1963 2858 demonstret
1984 2814 2078 2854 Ma-

387 2887 527 2943 gister
564 2887 712 2944 pueris
751 2888 947 2931 maxime
986 2888 1090 2931 rudi
1126 2889 1335 2930 Minerua
1374 2889 1678 2945 exemplisque
1716 2901 1864 2929 rerum
1901 2883 2078 2927 notissi-

387 2973 580 3012 marum3
622 2963 720 3000 tum
759 2959 949 3002 Phrases
987 2959 1282 3016 elegantiores
1320 2964 1548 3017 excerpat,
1587 2959 1730 3001 dictet
1764 2955 1995 3014 discipulis
2033 2958 2078 2996 et

534 3114 544 3133 ¹
570 3123 678 3159 quam
704 3123 865 3158 quaeque
891 3123 960 3148 vox
986 3114 1118 3159 regat?
