2148 3402
588 189 629 223 R.
658 194 703 224 st.
733 190 831 222 1586.
872 188 988 223 Casus
1014 186 1287 220 Conscientiae.
1696 175 1779 217 121

235 310 275 352 5.
309 308 391 349 Sin
425 308 469 349 in
504 323 554 348 eo
588 307 806 359 Collegio,
839 305 957 359 quod
991 319 1131 346 vnum
1171 303 1306 344 habet
1338 303 1547 343 lectorem
1581 304 1788 355 (lasuum,

91 395 183 422 non
207 379 351 420 solum
372 378 591 432 Theologi
622 378 728 429 sint,
760 376 835 417 sed
859 375 994 416 etiam
1026 374 1261 415 mediocris
1281 373 1445 428 aliquis
1468 389 1679 415 numm-us
1712 389 1788 415 au-

91 449 312 492 dientium
353 450 512 503 Casus,
553 454 647 491 tam
690 449 954 489 Nostrorum
1005 461 1136 501 quan]
1173 450 1477 492 externorum,
1526 444 1652 485 (lecet
1683 449 1791 486 tunc

93 521 301 561 lectorem
333 519 534 574 vtrisque
567 518 800 571 inseruire,
834 520 877 558 et
908 532 1061 558 omnes
1093 516 1276 557 biennio
1299 515 1533 570 complecti
1569 516 1790 568 materias,

92 606 201 646 quas
225 590 313 632 duo
337 591 521 631 lectores
542 590 687 631 solent
706 589 941 645 explicare.
973 587 1121 636 Quare
1143 591 1318 643 oportet
1340 587 1469 628 illum
1490 586 1679 628 dimidio
1702 587 1791 627 tere»

93 676 186 703 esse
222 661 483 714 breuiorem,
517 675 649 715 quan]
682 659 761 702 vbi
794 659 927 700 binae
966 662 1072 699 sunt
1110 657 1312 712 quotidie
1342 657 1570 698 lec-stiones.
1634 657 1793 711 Itaque

92 731 372 772 facilioribus
412 730 586 772 omissis
619 731 782 783 seligat
812 730 948 786 paulo
981 729 1210 784 grauiores
1243 728 1548 783 quaestiones:
1583 731 1627 767 et
1659 727 1706 768 in
1738 727 1794 782 ijs

98 818 232 845 vnam
254 802 324 843 vel
345 802 535 843 alteram
556 801 812 857 opinionem
828 800 1003 841 referat.
1047 799 1309 848 Quamlibet
1329 813 1435 840 vero
1458 798 1792 839 conclusionem

94 874 188 914 fere
224 873 383 929 probet
416 876 697 927 argumento,
730 888 811 913 nec
842 872 986 913 diluat
1011 870 1296 923 obiectioues,
1330 869 1418 910 nisi
1449 869 1649 924 aliquam
1678 868 1794 910 forte

99 943 424 985 molestiorem:
458 943 567 998 quin
590 947 634 985 et
662 943 711 984 in
739 942 1101 984 conclusionibus
1133 945 1279 983 seruet
1309 956 1445 996 quam
1476 944 1625 996 potest
1656 940 1796 981 maxi-

94 1030 214 1056 mam
247 1014 555 1072 pauciltatem,
595 1019 641 1055 et
678 1013 935 1056 constitutis
966 1012 1190 1069 primarijs
1229 1012 1500 1067 quibusdam
1536 1011 1705 1067 regulis
1737 1011 1793 1053 ad
1827 1040 1843 1053 ‚.
1891 1030 1916 1048 rx

95 1085 340 1127 minutiora
388 1100 479 1126 non
513 1084 754 1126 dilabatur.
818 1085 890 1125 Ita
934 1099 1040 1126 vero
1088 1083 1300 1124 materias
1341 1082 1588 1124 audiendas
1629 1086 1674 1123 et
1706 1096 1795 1123 non

96 1157 340 1198 audiendas
373 1172 399 1198 a
430 1156 673 1211 Theologis
705 1155 900 1208 diuidet,
934 1160 985 1197 vt
1018 1170 1106 1211 quo
1138 1154 1210 1196 die
1243 1155 1475 1210 Scriptura
1508 1154 1795 1209 praelegitur,

96 1227 310 1269 edisserat
343 1227 568 1279 materias,
603 1242 715 1281 quae
749 1227 936 1268 Casistis
981 1226 1185 1283 propriae
1216 1230 1346 1268 sunt:
1396 1226 1537 1267 altero
1579 1240 1686 1267 vero
1725 1224 1797 1265 die

94 1298 335 1353 Theologis
375 1304 419 1339 et
452 1297 637 1340 Casistis
675 1312 955 1351 communes,
993 1312 1171 1354 prorsus
1213 1302 1264 1339 vt
1301 1300 1475 1338 seruato
1515 1295 1795 1351 compendio,

97 1368 217 1424 quod
249 1369 382 1424 paulo
416 1373 520 1409 ante
552 1368 826 1424 descriptum
858 1374 939 1422 est,
963 1369 1144 1410 biennio
1167 1368 1376 1409 materias
1409 1383 1562 1409 omnes
1593 1366 1796 1408 Parocho

96 1455 173 1481 seu
195 1440 465 1481 confessario
488 1440 758 1481 necessarias
778 1441 1068 1496 perstringat,
1098 1440 1172 1481 secl
1194 1440 1260 1480 ita
1283 1438 1568 1480 variantibus
1593 1438 1797 1493 biennijs,

96 1515 147 1552 ut
176 1511 340 1552 habeat
372 1526 462 1552 11110
499 1511 682 1553 biennio
727 1511 955 1553 auditores
998 1511 1135 1553 etiam
1167 1510 1437 1565 Theologos:
1473 1510 1613 1551 altero
1647 1514 1798 1550 autem

101 1582 299 1624 Casistas
344 1586 523 1623 tantum
567 1583 612 1623 in
655 1597 844 1637 quorum
886 1582 1067 1624 biennio
1108 1586 1291 1637 possent
1320 1581 1540 1636 Theologi
1585 1581 1657 1622 vel
1691 1596 1798 1636 quo-

99 1653 208 1694 tidie
240 1653 394 1695 audire
427 1654 718 1710 Scripturam,
752 1668 808 1694 110
847 1653 1119 1694 destituatur
1159 1652 1455 1705 auditoribus,
1495 1652 1567 1693 vel
1600 1652 1797 1706 alternis,

101 1739 205 1766 nam
238 1728 283 1765 et
314 1725 502 1767 alternis
539 1740 712 1781 semper
749 1725 840 1780 legi
873 1724 1151 1780 Scripturam
1199 1722 1309 1764 satis
1350 1727 1463 1763 esset
1502 1722 1548 1763 in
1584 1723 1799 1778 CollegijS

98 1795 369 1849 minoribus,
413 1811 525 1851 quae
561 1811 728 1850 magno
770 1795 1054 1837 audientium
1095 1809 1282 1836 numero
1321 1809 1412 1835 non
1454 1793 1708 1847 abundant,
1750 1794 1798 1834 in

99 1866 200 1922 alijs
238 1882 344 1908 vero
385 1867 600 1922 quotidie.
664 1867 863 1908 Tametsi
911 1866 1167 1908 conandum
1204 1870 1338 1919 esset,
1378 1869 1444 1919 vt,
1489 1865 1567 1920 qui
1610 1864 1798 1907 Casibus

98 1938 303 1991 student,
343 1938 488 1980 nihilo
536 1938 684 1979 minus
731 1937 927 1980 triennio
976 1938 1077 1978 illos
1116 1936 1325 1988 audiant,
1358 1937 1395 1977 si
1428 1951 1570 1978 vnum
1602 1936 1800 1977 habeant

98 2008 328 2050 lectorem:
370 2008 572 2064 alioquin
610 2009 821 2064 pleraque
860 2023 933 2050 eos
965 2008 1173 2063 ignorare
1212 2007 1459 2063 oportebit,
1498 2011 1543 2048 et
1575 2007 1653 2049 vix
1687 2007 1800 2049 eius-

99 2079 216 2120 modi
251 2079 345 2121 fore
377 2084 627 2135 sperantur,
661 2080 826 2135 quibus
859 2084 956 2121 tuto
978 2079 1120 2135 possit
1148 2079 1401 2120 animarum
1425 2094 1532 2120 cura
1563 2078 1800 2122 committi.

100 2150 331 2203 Quocirca,
364 2151 453 2191 nisi
485 2166 645 2205 graues
678 2157 869 2206 urgeant
900 2165 1070 2203 causae,
1103 2150 1349 2191 triennium
1384 2150 1565 2191 videtur
1596 2150 1799 2191 tribuen-

100 2222 205 2262 dum
239 2221 443 2263 Casistis:
478 2222 514 2262 si
539 2223 665 2263 cuius
689 2236 793 2263 vero
818 2237 952 2277 ‹j·pera
983 2221 1165 2262 interim
1189 2221 1449 2277 Superiores
1481 2221 1547 2263 vti
1584 2221 1726 2262 velint
1744 2221 1801 2262 acl

99 2292 219 2333 aliud
255 2292 499 2348 quodpiam
536 2292 859 2346 ministerium,
893 2293 985 2348 ipse
1017 2293 1136 2333 solus
1169 2297 1273 2333 ante
1307 2296 1484 2348 tenipus
1515 2297 1801 2334 remoueatur

102 2363 158 2404 ab
191 2378 242 2403 eo
276 2363 439 2416 studio,
472 2379 563 2405 11011
595 2368 738 2405 totum
773 2363 909 2405 huius
941 2363 1076 2418 studij
1111 2363 1307 2418 spatium
1341 2367 1410 2403 tot
1442 2363 1668 2418 angustijs
1700 2378 1802 2405 con—

100 2434 320 2475 cludatur.
384 2434 515 2484 Quod
548 2435 585 2475 51
617 2435 862 2475 triennium
898 2434 1091 2487 (labitur,
1125 2434 1355 2474 Professor
1387 2434 1581 2490 explicet
1613 2433 1801 2489 plenius,

100 2519 213 2559 quae
243 2504 402 2545 fuisset
434 2505 616 2546 biennio
649 2505 911 2546 traditurus.
963 2504 1094 2553 Quod
1116 2509 1294 2560 tempus
1325 2509 1371 2545 et
1403 2504 1661 2560 explicandi
1685 2505 1799 2546 ratio

101 2584 335 2616 seruentur
368 2577 502 2616 etiam
535 2576 580 2616 in
614 2576 828 2631 Collegio,
862 2575 908 2616 in
940 2591 1028 2630 quo
1058 2575 1307 2630 Theologia
1332 2590 1424 2617 non
1451 2575 1739 2631 praelegitur.

241 2649 279 2689 6.
315 2647 427 2687 Cum
461 2646 548 2687 duo
583 2651 689 2688 sunt
720 2647 922 2700 lectores,
954 2647 1062 2687 licet
1102 2646 1305 2687 exactius
1344 2646 1573 2702 disputare
1607 2647 1800 2688 debeant

101 2715 154 2757 de
188 2716 389 2763 Casibus,
422 2731 512 2757 non
545 2717 611 2758 ita
643 2722 809 2770 tamen,
843 2723 894 2758 vt
925 2718 972 2758 in
1006 2716 1321 2772 Scholalsticas
1359 2717 1644 2771 quaestiones
1676 2718 1802 2759 inua-

103 2787 231 2828 dant:
254 2787 430 2828 tametsi
459 2788 678 2841 quaedam
696 2788 801 2829 licet
819 2788 1092 2842 Theologica
1114 2788 1275 2828 saltem
1300 2787 1509 2828 breuibus
1527 2787 1800 2829 definitioni-

103 2856 184 2897 bus
216 2857 557 2913 perstringenda
588 2859 691 2912 sint,
724 2864 776 2901 vt
799 2859 907 2914 quid
939 2859 996 2900 sit
1018 2860 1371 2911 Sacramentum,
1406 2858 1516 2913 quid
1544 2858 1799 2926 Character'

102 2927 211 2982 quid
242 2933 473 2984 peccatum
506 2930 694 2970 mortale
727 2934 805 2971 aut
842 2930 1039 2983 veniale,
1081 2930 1191 2985 quid
1229 2944 1471 2970 consensus
1503 2934 1587 2971 etc.
1650 2930 1704 2970 In
1736 2944 1800 2972 re-

103 2997 294 3040 ferendis
336 3003 484 3040 autem
526 2999 813 3054 opinionibus
843 3000 1062 3041 habeatur
1095 3000 1312 3053 delectus,
1358 3003 1409 3040 vt
1451 3014 1544 3041 11011
1576 3000 1800 3041 obsoletae

102 3068 175 3110 vel
205 3069 443 3112 manifesto
475 3069 613 3111 falsae
644 3071 900 3125 recitentur,
933 3070 1009 3113 sed.
1040 3086 1210 3127 paucae
1241 3075 1286 3113 et
1316 3070 1582 3128 probabiles,
1644 3069 1799 3125 Neque

1825 2742 1851 2763 μ.
1884 2733 1930 2757 1054
