2089 3381
495 155 537 192 R.
567 160 612 192 nt.
641 157 741 192 1586.
780 149 999 199 opinionum
1025 153 1186 191 delectus
1213 152 1251 190 in
1276 152 1402 191 Theol.
1739 141 1795 190 33

248 280 313 321 13.
338 277 701 319 Vniuersaliores
733 290 824 316 esse
852 275 1019 330 species
1049 276 1342 331 superiorum,
1375 289 1510 329 quam
1533 275 1795 318 inferiorum

104 348 397 403 Angelorum.

245 422 311 462 14.
346 418 545 473 Angelos
579 432 631 459 ex
672 418 824 473 aliqua
861 416 1025 458 actuali
1062 416 1473 458 inconsideratione
1501 431 1720 472 peccasse.
1755 433 1794 473 q.

102 493 170 534 63.
196 504 221 531 a
257 494 294 533 1.
319 490 375 531 ad
407 492 462 533 4¹3¹

245 563 310 605 15.
344 561 398 602 In
436 561 582 616 primo
615 559 808 601 instanti
841 573 947 600 suae
981 558 1221 600 creationis
1254 558 1455 613 Angelos
1486 572 1672 614 peccare
1706 573 1796 601 non

100 632 316 688 potuisse.
381 646 452 686 qu.
478 633 547 674 63.
573 645 610 671 a.
634 632 673 673 5.

247 706 313 747 16,
348 702 551 756 Angelos
591 702 685 742 siue
726 701 868 742 bonos
909 700 1004 742 siue
1045 701 1187 742 malos
1219 701 1267 742 in
1311 701 1504 741 termino
1536 700 1638 742 viae
1671 715 1798 742 man-

100 774 205 815 sisse
238 772 513 814 inflexibiles
546 787 600 813 ex
634 786 714 813 sua
746 772 947 827 ipsorum
978 777 1157 813 natura.
1222 786 1263 827 q.
1287 775 1356 815 64.
1379 787 1417 814 a.
1445 775 1482 815 2.

245 848 310 888 17.
343 843 644 885 Locutionem
684 843 964 898 Angelorum
1005 842 1103 884 fieri
1145 857 1196 884 eo
1230 843 1376 897 modo,
1411 857 1544 898 quem
1578 842 1720 885 tradit
1753 842 1798 885 S.

101 915 309 957 Thomas.
373 930 413 970 q.
449 917 543 958 107.

239 987 293 1027 In
327 986 528 1039 caeteris,
562 1000 675 1040 quae
707 984 783 1026 hic
816 988 1004 1041 excepta
1034 999 1127 1026 non
1159 989 1277 1039 sunt,
1312 999 1338 1027 a
1370 985 1414 1027 S.
1436 984 1610 1027 Thoma
1642 984 1798 1027 Nostri

102 1072 193 1099 non
246 1057 482 1109 recedant3
537 1070 742 1112 expresse
787 1062 942 1097 tamen
990 1055 1248 1098 definienda
1298 1056 1520 1097 nonnulla
1564 1055 1799 1098 videntur:

99 1128 345 1181 Quaedam,
387 1128 493 1183 quia
525 1142 617 1168 non
657 1132 914 1168 tractantur
952 1142 976 1168 a
1010 1127 1054 1169 S.
1082 1127 1275 1169 Thoma:
1324 1126 1571 1181 Quaedam,
1605 1126 1712 1182 quia
1745 1127 1801 1169 ab

99 1214 149 1241 eo
174 1201 470 1254 attinguntur
503 1198 698 1254 quidem.
726 1212 817 1239 non
849 1205 1004 1239 tamen
1035 1198 1119 1240 sub
1153 1198 1385 1255 expressiS,
1421 1213 1472 1240 ac
1491 1198 1684 1254 proprijs
1714 1204 1802 1240 ter-

98 1270 233 1312 minis
259 1270 560 1319 definiuntur3
596 1269 750 1310 velita
777 1274 1048 1323 tractantur⁷
1080 1274 1132 1311 vt
1165 1270 1212 1310 in
1245 1270 1446 1311 diuersas
1475 1269 1595 1311 trahi
1625 1269 1801 1311 soleant

99 1341 414 1398 expositiones.
458 1341 512 1381 In
537 1340 701 1396 quibus
736 1355 839 1382 eum
870 1340 1082 1396 grauiora
1114 1340 1336 1396 quaedam
1368 1340 1473 1395 sint,
1505 1341 1702 1382 multum
1735 1340 1802 1382 in-

96 1417 246 1465 terest,
267 1411 377 1467 quid
399 1411 453 1453 de
476 1411 531 1467 ijs
551 1411 709 1453 Nostri
731 1412 950 1452 sentiant:
986 1411 1209 1466 quaedam
1234 1411 1443 1467 denique,
1475 1416 1520 1453 et
1552 1426 1657 1453 sane
1688 1426 1800 1468 pau-

98 1483 291 1536 cissima,
333 1482 559 1524 contraria
600 1482 643 1523 S.
676 1481 888 1536 Thomae,
931 1482 1036 1536 quia
1070 1482 1215 1537 magis
1251 1488 1356 1523 sunt
1393 1482 1643 1538 approbata
1683 1497 1803 1524 com-

98 1553 312 1607 muniter,
346 1568 427 1594 nec
460 1568 619 1609 parum
654 1552 876 1594 adiuuant
908 1553 1138 1609 pietatem.
1201 1553 1268 1595 Ea
1300 1568 1404 1595 vero
1438 1559 1556 1607 sunt,
1591 1568 1704 1609 quae
1737 1569 1802 1596 se-

99 1629 311 1680 quuntur.

555 1756 625 1804 Ex
666 1757 824 1820 prima
862 1762 1000 1821 parte
1040 1756 1088 1807 S.
1117 1757 1346 1807 Thomae.

243 1852 278 1893 1.
314 1848 573 1891 Secundum
606 1850 863 1905 potentiam
898 1850 982 1891 Dei
1005 1850 1262 1892 absolutam
1283 1866 1376 1893 non
1394 1856 1621 1908 repugnat
1646 1851 1651 1909 Ι
1676 1866 1797 1894 com-

99 1919 325 1961 municari
364 1920 532 1961 viatori
574 1920 830 1962 euidentem
869 1921 1196 1963 abstractiuam
1239 1922 1454 1964 notitiam
1502 1923 1801 1965 articulorum

98 1991 242 2032 Fidei.
307 2006 346 2046 q.
375 1994 442 2034 12.
467 1992 514 2032 111
546 1991 649 2032 fine.
714 1992 853 2033 Caiet.
878 1996 945 2036 22.
969 2008 1010 2048 q.
1038 1997 1134 2037 171.
1159 2008 1197 2034 a.
1222 1995 1262 2037 5.

243 2065 282 2106 2.
322 2062 572 2118 Theologia
624 2062 879 2104 formaliter
931 2069 997 2105 est
1048 2069 1093 2105 et
1131 2064 1425 2120 Speculatiua
1477 2072 1523 2106 et
1575 2065 1798 2108 Practica.

103 2147 177 2188 qu.
214 2136 251 2176 1.
285 2148 310 2174 a
342 2136 382 2176 4.
1310 2138 1313 2143 '

241 2207 280 2248 3.
314 2204 463 2245 Deum
503 2219 608 2259 esse,
648 2220 802 2259 vnum,
844 2205 1129 2248 Efficientem
1170 2221 1319 2248 rerum
1357 2207 1576 2261 omnium,
1608 2208 1803 2250 liberum

100 2273 149 2315 in
181 2274 356 2329 agendo
389 2273 446 2315 ad
478 2280 619 2329 extra,
642 2275 960 2331 prouidentem
985 2276 1208 2330 omnibus,
1231 2276 1486 2332 Infinitum,
1510 2278 1805 2335 Omnipoten-

102 2349 208 2399 tem,
243 2349 286 2386 et
318 2345 487 2401 ubique
520 2345 726 2400 existere,
759 2347 958 2388 naturali
991 2348 1166 2389 ratione
1200 2348 1501 2391 demonstrari
1532 2356 1694 2406 potest.
1729 2365 1804 2406 qu,

105 2419 144 2459 2.
179 2419 218 2459 7.
252 2419 290 2460 8.
327 2419 394 2460 19.
430 2419 498 2460 22.

245 2490 285 2530 4.
319 2487 391 2528 Ad
424 2487 691 2529 eliciendam
724 2488 890 2530 claram
922 2489 1006 2531 Dei
1037 2490 1262 2532 visionem
1293 2491 1500 2533 effectiue
1529 2497 1804 2535 concurrunt

103 2562 198 2599 tam
229 2557 382 2599 lumen
414 2559 597 2614 gloriae,
633 2560 754 2614 quod
785 2565 852 2601 est
882 2560 1080 2615 habitus,
1115 2577 1252 2617 quam
1274 2562 1520 2605 Beatorum
1546 2564 1803 2606 intellectus

108 2642 189 2683 per
218 2628 473 2669 naturalem
506 2643 633 2670 suam
664 2628 945 2672 facultatem.
1011 2647 1051 2687 q.
1080 2636 1145 2676 12.
1170 2647 1207 2673 a.
1231 2634 1271 2676 5.

247 2700 285 2742 5.
321 2698 579 2740 Secundum
609 2701 861 2756 potentiam
893 2702 978 2743 Dei
1010 2703 1265 2745 absolutam
1299 2719 1380 2746 nec
1405 2711 1633 2761 repugnat
1654 2706 1801 2748 videri

106 2768 224 2810 clare
255 2770 496 2811 essentiam
527 2769 744 2812 Diuinam
776 2772 871 2813 sine
904 2773 997 2814 vlla
1030 2773 1248 2815 distincta
1279 2774 1453 2817 visione
1480 2781 1800 2830 creaturarum,

106 2854 188 2880 nec
225 2840 380 2881 lumen
419 2841 590 2896 gloriae
630 2843 830 2898 suppleri
868 2858 945 2899 per
976 2845 1199 2886 actualem
1230 2846 1316 2887 Dei
1349 2861 1613 2888 concursum
1645 2861 1799 2903 super-

108 2911 363 2952 naturalem
395 2915 439 2952 et
470 2911 730 2966 gloriosum.
795 2928 836 2968 q.
864 2917 929 2958 12.
954 2929 978 2955 a
1011 2917 1051 2959 5.
1074 2920 1118 2957 et
1141 2919 1179 2959 8.

250 2985 288 3024 6.
340 2982 510 3023 Diuina
557 2983 749 3024 essentia
795 2985 977 3041 supplet
1021 2985 1247 3028 rationem
1286 2987 1449 3044 speciei
1494 2986 1800 3042 intelligibilis

107 3051 223 3092 citra
253 3052 394 3094 vllam
425 3066 604 3108 prorsus
634 3053 1012 3098 informationem.
1076 3071 1114 3112 q.
1142 3061 1209 3101 12.
1233 3073 1272 3099 a.
1296 3061 1336 3103 2.

199 3145 384 3171 Μοηιιωευῑιι
401 3147 573 3172 Germaniae
593 3148 785 3180 Pnedagogica
804 3148 826 3173 V
1539 3142 1561 3176 Β

1819 1002 1928 1034 Regula
1947 1003 1972 1029 6.

1819 1877 1847 1902 p.
1870 1869 1914 1895 13.
