2153 3467
113 322 192 354 Qnae
215 327 285 348 Ara-

131 360 264 384 demicis.

346 198 432 239 476

537 208 648 243 Ratio
676 208 882 244 studiorum
909 214 947 244 et
972 209 1226 245 institutiones
1252 210 1493 246 scholasticae
1520 211 1712 247 Societatis
1738 213 1826 248 Jesu
1850 214 1889 248 Π

480 326 526 372 3.
591 328 731 384 Saepe
763 329 901 370 etiam
922 329 991 371 his
1015 330 1190 372 omissis

343 398 605 441 Academici
651 399 739 456 ipsi
783 415 905 442 nunc
952 401 1188 455 orationes,

340 486 462 512 nunc
476 471 688 524 carmina,
706 487 828 514 nunc
843 472 1190 515 declamationes

344 542 556 595 habeant,
604 543 676 585 vel
709 543 964 585 memoriter
1014 543 1087 585 vel
1136 558 1190 583 ex

342 618 560 670 tempore,
609 629 730 657 nunc
777 614 971 657 invicem
1014 629 1192 656 accusa-

341 684 485 726 tiones
527 689 571 727 et
615 686 910 740 defensiones,
957 687 1054 743 ipso
1092 700 1193 741 pro-

340 756 489 810 bante,
522 756 785 811 instituant3
826 773 945 799 nunc
976 757 1193 799 lectiones

340 827 553 882 habeant,
607 829 780 871 duobus
831 829 1069 870 minimum
1117 828 1193 870 ad-

340 913 494 940 versus
555 900 766 941 lectorem
832 900 1189 956 disputantibus,

340 985 461 1012 nunc
477 970 623 1012 theses
642 971 888 1013 defendant
908 976 1192 1027 oppugnent-

340 1056 425 1096 que
466 1042 660 1084 oratorio
701 1042 847 1098 magis
895 1057 1018 1084 more
1057 1057 1193 1098 quam

341 1113 597 1166 dialecti003
652 1129 774 1156 nunc
826 1114 1097 1156 emblemata
1149 1118 1193 1155 et

338 1184 538 1240 insignia
576 1185 629 1226 de
663 1189 786 1227 certa
824 1184 975 1241 aliqua
1007 1186 1192 1228 materia

339 1262 635 1311 componant,
690 1271 811 1298 nunc
862 1256 1191 1313 inscriptiones,

340 1331 417 1369 aut
435 1327 768 1383 descriptiones,
790 1343 911 1369 nunc
935 1328 1192 1384 aenigmata

339 1398 512 1440 faciant
529 1403 608 1439 aut
626 1398 894 1453 dissolvant3
919 1415 1041 1441 nunc
1056 1400 1104 1442 in
1121 1402 1190 1442 in-

338 1469 554 1511 ventione
581 1485 625 1510 se
650 1475 901 1525 exerceant,
937 1471 1106 1527 singuli
1135 1473 1191 1514 ad

339 1541 617 1597 propositam
635 1543 869 1583 materiam
886 1544 1189 1586 confirmatio-

338 1613 382 1654 ni
390 1628 408 1653 s
418 1614 538 1654 locos
551 1614 861 1669 excogitantes
871 1614 965 1656 sive
974 1614 1190 1671 improvi-

340 1699 387 1725 so
404 1699 480 1725 sou
492 1685 728 1738 meditato,
754 1686 932 1727 nuncin
941 1686 1191 1728 elocutione

339 1755 508 1810 figuras
530 1756 769 1798 verborum
793 1771 844 1798 ac
866 1757 1191 1799 sententiarum

339 1827 551 1869 inventae
562 1827 625 1869 rei
643 1828 1050 1882 a000m1n0dantes3
1071 1844 1192 1871 nunc

340 1898 637 1953 dialogorum,
690 1904 962 1954 poematum,
1015 1905 1192 1956 tragoe-

339 1968 516 2010 diarum
564 1974 832 2024 argumenta
881 1972 1189 2027 conscribant,

339 2055 459 2081 1111110
490 2040 718 2095 integram
749 2042 968 2096 praeclari
1000 2043 1192 2085 oratoris

340 2113 590 2154 orationem
613 2116 692 2154 aut
713 2118 870 2169 poetae
892 2128 1070 2155 carmen
1093 2114 1191 2155 imi-

340 2188 509 2237 tentur,
560 2199 681 2226 nunc
722 2184 929 2240 symbola
973 2185 1192 2241 quaedam

340 2255 522 2309 faciant,
556 2260 607 2297 ut
640 2270 696 2297 sc.
737 2256 791 2297 de
829 2271 920 2298 una
951 2272 998 2299 re
1029 2271 1191 2314 propo—

340 2325 427 2367 sita
454 2326 625 2381 singuli
646 2342 773 2369 suam
787 2328 1059 2371 sententiam
1082 2329 1189 2370 affe-

339 2402 461 2449 rant,
515 2413 637 2439 nunc
691 2399 948 2441 distributis
999 2399 1189 2455 alicujus

340 2471 536 2511 auctoris
568 2469 697 2511 libris
728 2469 897 2526 singuli
930 2485 983 2512 ex
1016 2485 1066 2512 eo
1090 2486 1188 2512 sen-

340 2540 504 2581 tentias
526 2541 597 2581 vel
620 2540 801 2596 phrases
825 2541 1055 2598 decerptas
1086 2557 1188 2598 pro-

341 2610 503 2651 ferant.
566 2612 774 2667 Denique
812 2612 859 2653 in
899 2612 954 2654 iis
987 2628 1031 2655 se
1065 2628 1187 2654 exer—

341 2687 485 2735 ceant,
521 2697 633 2737 quae
665 2683 968 2738 eloquentiam
1001 2684 1188 2740 gignere

340 2758 383 2793 et
415 2752 469 2793 ab
504 2767 554 2793 ea
586 2755 732 2795 enasci
765 2754 922 2798 solent.

1207 2478 1209 2507 !
1227 2469 1398 2510 riarum

1229 333 1373 371 totam
1421 329 1613 386 denique
1653 331 1891 374 actionem.
1938 359 1993 363 ——
2035 336 2076 378 3.

1229 401 1522 457 Praelegatur
1544 402 1740 444 auctoris
1762 403 1907 458 latini,
1929 405 2076 460 graeci

1228 472 1300 514 vel
1331 473 1561 514 vernaculi
1598 474 1723 516 locus
1754 474 1987 530 insignior.
2023 502 2075 507 -—

1230 545 1270 586 4.
1315 543 1406 585 Suo
1446 548 1588 586 marte
1631 547 1709 586 aut
1749 545 1806 586 ad
1847 545 2078 603 scriptoris

1230 614 1384 656 eximii
1401 614 1706 657 imitationem
1721 616 1976 658 elaboratas
1989 618 2079 674 epi-

1230 685 1384 739 stolas,
1417 686 1752 743 descriptiones,
1785 688 2078 732 narrationes,

1230 755 1468 811 orationeS,
1489 757 1819 814 inscriptiones,
1843 759 2080 801 emblema-

1230 832 1278 869 ta
1307 829 1381 870 vel
1414 829 1613 871 carmina
1632 829 1838 871 recitent.
1866 855 1913 860 -—
1945 831 1984 874 5.
2012 829 2080 871 De

1229 915 1275 941 re
1296 899 1446 955 aliqua
1465 900 1694 957 proposita
1716 901 1885 956 singuli
1907 905 2081 943 senten-

1230 970 1342 1012 tiam
1381 986 1508 1013 suam
1547 972 1750 1027 afferant,
1793 973 1865 1014 vel
1903 972 2083 1015 solvant

1232 1042 1539 1098 quaestionem
1570 1043 1627 1085 ad
1660 1043 1811 1085 studia
1836 1058 1916 1086 sua
1948 1043 2082 1100 perti-

1231 1118 1427 1168 nentem,
1447 1114 1661 1171 expositis
1668 1115 1883 1170 utrinque
1895 1115 2083 1157 rationi-

1231 1185 1327 1239 bus,
1359 1186 1434 1227 vel
1455 1186 1677 1227 actionem
1697 1186 1944 1228 instituant
1961 1201 2082 1229 more

1226 1256 1437 1312 juridico,
1468 1257 1516 1298 in
1550 1273 1638 1312 qua
1671 1273 1851 1299 causam
1883 1257 2078 1313 aliquam

1230 1328 1575 1381 defendendam,
1616 1328 1693 1370 alii
1725 1328 2082 1385 impugnandam

1231 1398 1492 1455 suscipiant,
1522 1414 1616 1440 non
1640 1400 1737 1440 sine
1748 1399 1915 1455 judice,
1934 1400 2013 1455 qui
2027 1399 2081 1441 li-

1229 1475 1322 1512 tem
1354 1486 1434 1527 pro
1469 1470 1695 1526 dignitate
1725 1470 1922 1514 dirimat.
1953 1497 2006 1501 ——
2041 1474 2080 1515 6.

1231 1542 1454 1598 Analyses
1465 1542 1697 1595 oratorias,
1718 1556 1810 1583 non
1821 1542 1959 1584 siccas
1969 1546 2013 1584 et
2020 1542 2083 1598 je-

1226 1614 1372 1669 junas,
1391 1613 1468 1654 sed
1483 1614 1604 1669 stylo
1621 1613 1889 1670 elegantiori
1904 1619 2083 1656 ornatas

1230 1685 1302 1727 vel
1334 1685 1524 1741 scriptas
1545 1685 1717 1741 legant,
1750 1685 1822 1727 vel
1844 1685 1969 1742 prius
1994 1700 2084 1727 me-

1231 1756 1365 1797 ditati
1416 1757 1725 1812 pronuntient.
1781 1782 1833 1786 —-
1888 1760 1927 1800 7.
1979 1757 2082 1799 Sese

1230 1831 1464 1869 exerceant
1487 1842 1609 1868 nunc
1634 1827 1683 1868 in
1714 1826 1992 1881 inventione,
2025 1827 2082 1869 ad

1228 1899 1506 1955 propositam
1527 1897 1762 1940 materiam
1781 1897 2081 1940 confirmatio-

1229 1970 1299 2012 nis
1321 1971 1395 2013 vel
1416 1969 1741 2013 confutationis
1761 1970 1882 2011 locos
1906 1969 2081 2025 excogi-

1228 2045 1379 2083 tantes
1389 2042 1481 2084 sive
1490 2041 1706 2083 meditato
1717 2042 1809 2084 sive
1819 2041 2079 2097 improviso;

1228 2128 1349 2154 nunc
1380 2112 1429 2154 in
1457 2113 1762 2169 dispositione,
1793 2112 2081 2168 probationes

1235 2190 1279 2226 et
1326 2185 1514 2226 affectus
1564 2188 1685 2225 recto
1734 2184 1890 2226 ordine
1943 2184 2078 2226 collo-

1233 2260 1407 2309 cantes3
1447 2254 1640 2296 nuncin
1666 2255 1930 2309 elocutione,
1962 2255 2077 2311 figu-

1229 2341 1299 2368 ras
1331 2326 1570 2368 verborum
1599 2330 1643 2367 et
1665 2325 1993 2367 sententiarum
2013 2325 2079 2367 rei

1227 2398 1440 2439 inventae
1450 2396 1852 2439 accommodantes,
1868 2424 1914 2429 ——
1931 2400 1969 2440 8.
1986 2397 2076 2439 Va-

1460 2467 1761 2524 scriptionum
1812 2472 2079 2523 argumenta

1228 2540 1285 2581 ad
1331 2542 1672 2596 praeceptorum
1718 2553 1923 2581 normam
1971 2553 2076 2581 con-

1227 2610 1440 2652 scribant.
1476 2634 1523 2639 —
1561 2612 1600 2653 9.
1634 2609 1904 2652 Distributis
1937 2609 2075 2651 alicu-

1207 2681 1296 2736 ἱ1110
1328 2681 1523 2722 auctoris
1555 2680 1705 2735 libris,
1737 2680 1907 2735 singuli
1939 2695 1992 2721 ex
2024 2695 2074 2722 eo

1206 2751 1475 2793 sententias
1516 2751 1762 2808 descriptas
1799 2765 1891 2793 non
1928 2750 2073 2807 profe-

1226 2827 1328 2864 rant
1368 2823 1524 2876 modo,
1564 2822 1639 2864 sed
1677 2822 1815 2864 etiam
1848 2836 2073 2863 commen-

1206 2894 1339 2942 tario
1387 2893 1627 2935 illustrent.
1679 2920 1731 2923 ——
1773 2893 1979 2947 Denique
2026 2892 2074 2934 in

1226 2965 1433 3007 omnibus
1466 2980 1510 3006 se
1542 2969 1797 3018 exerceant,
1836 2978 1950 3019 quae
1982 2964 2071 3004 elo-

1225 3038 1457 3091 quentiam
1479 3036 1665 3092 gignere
1695 3040 1774 3077 aut
1801 3035 1858 3076 ab
1890 3049 1940 3076 ea
1967 3049 2071 3076 ena-

1225 3107 1288 3149 sci
1308 3106 1466 3150 solent.
1498 3107 1753 3150 Moderator
1776 3105 1912 3147 etiam
1933 3105 2071 3147 inter-
