2148 3402
597 175 641 210 R.
665 179 711 210 st.
740 176 841 210 1586.
892 175 1007 210 Casus
1032 173 1301 209 Conscientiae.
1712 166 1793 208 119

101 301 250 346 mant,
295 291 371 333 sed
415 291 604 334 Casibus
649 291 949 334 conscientiae
993 291 1218 333 discendis
1250 291 1359 333 dent
1392 306 1585 348 operam,
1619 294 1799 349 sintque

99 377 271 419 semper
302 362 443 418 aliqui
475 378 528 405 ex
559 364 759 418 Nostris,
803 363 880 419 qui
911 362 1017 404 huic
1055 362 1206 404 studio
1240 361 1486 417 diligenter
1518 363 1798 418 incumbant,

100 437 152 476 vt
180 433 378 475 Societas
410 434 584 490 copiam
616 434 780 476 habere
811 432 951 490 possit
983 433 1301 490 operariorum,
1335 432 1412 488 qui
1444 433 1800 477 confessionibus

100 503 334 546 audiendis
367 504 459 546 sint
490 504 686 546 11101161(ι

244 575 306 617 Et
338 575 452 630 Reg.
497 578 573 620 57:
622 576 703 631 „In
742 574 952 630 singulis,
998 573 1169 629 inquit,
1208 573 1452 628 Domibus,
1502 579 1546 615 et
1587 575 1802 630 Collegijs

101 645 296 701 aliquem
328 645 588 701 constituat,
623 645 702 701 qui
732 645 780 687 in
801 645 990 687 Casibus
1023 645 1324 687 conscientiae
1358 645 1470 686 bene
1502 651 1708 687 versatus
1730 646 1801 699 sit,

99 721 150 760 vt
171 717 516 759 difficultatibus
537 717 659 760 domi
682 720 725 758 et
755 715 863 758 foris
897 716 1236 758 occurrentibus
1269 716 1524 758 satisfacere
1557 716 1738 772 possit.“

240 788 336 830 Nec
366 788 595 830 immerito
629 792 698 830 tot
730 787 875 829 modis
908 802 958 829 ac
979 786 1066 843 vijs
1091 787 1308 828 Societati
1328 787 1670 829 commendatur
1691 787 1803 830 haec

99 858 286 901 scientia
319 858 537 914 Casuum,
578 873 680 901 cum
718 873 810 901 non
842 858 987 900 solum
1021 857 1314 913 Confessarijs
1347 859 1525 912 nostris,
1560 858 1635 899 sed
1668 858 1802 900 etiam

99 929 519 984 Concionatoribus,
553 930 835 982 Rectoribus,
869 929 1216 984 Professoribus,
1251 929 1460 971 omnibus
1492 929 1691 984 tandem,
1726 930 1804 985 qui

100 1000 149 1043 in
181 1001 332 1057 aliquo
363 1001 556 1043 iuuandi
586 1001 816 1058 proximos
838 1000 1091 1043 ministerio
1125 1005 1416 1057 occupantur,
1449 1001 1697 1042 necessaria
1728 1001 1803 1056 sit,

99 1072 235 1128 idque
266 1087 377 1129 pene
411 1072 625 1128 quotidie,
679 1087 782 1115 cum
812 1072 929 1114 nihil
960 1071 1240 1127 frequentius
1271 1071 1342 1113 his
1376 1071 1564 1113 Casibus
1596 1071 1644 1113 in
1672 1087 1804 1114 vsum

100 1143 273 1185 veniat:
316 1147 447 1186 tanto
479 1159 585 1187 vero
617 1143 763 1200 magis
804 1143 1054 1186 curandum
1094 1147 1178 1196 est,
1218 1146 1271 1184 vt
1303 1142 1562 1183 huiusmodi
1602 1142 1803 1184 studium

101 1214 212 1256 bene
244 1216 546 1257 constituatur
568 1230 619 1257 ac
641 1215 808 1270 vigeat,
843 1215 964 1270 quod
995 1214 1145 1271 plures
1165 1213 1434 1255 Nostrorum
1451 1213 1558 1255 111110
1579 1213 1802 1268 facultati,

102 1300 237 1341 quam
268 1285 508 1328 altioribus
540 1286 636 1343 apti
668 1286 781 1329 sint:
816 1290 859 1328 et
892 1302 946 1328 ex
981 1301 1031 1328 eo
1055 1285 1187 1327 citius
1211 1283 1398 1340 operarij
1432 1284 1480 1325 in
1512 1284 1692 1325 vineam
1714 1284 1804 1326 Do-

99 1357 212 1399 mini
242 1357 482 1414 prodeant:
522 1362 835 1415 praeterquam
874 1357 994 1413 quod
1033 1355 1230 1398 externis
1262 1355 1434 1397 clericis
1466 1359 1509 1396 et
1549 1354 1802 1396 animarum

101 1443 255 1470 curam
286 1429 556 1486 suscepturis
586 1429 703 1471 nihil
724 1434 789 1471 est
811 1429 983 1471 vtilius.
1033 1428 1107 1470 Ad
1129 1442 1227 1469 eam
1249 1441 1356 1469 vero
1379 1427 1627 1481 scientiam,
1661 1441 1803 1482 quan-

100 1503 197 1541 tum
231 1500 339 1542 satis
373 1505 451 1555 est,
484 1500 836 1557 promouendam
868 1499 1072 1542 conferre
1104 1498 1318 1542 Videntur
1348 1497 1459 1540 haec
1490 1497 1596 1539 fere.

246 1574 282 1614 1.
317 1571 579 1628 Optandum
612 1582 686 1627 est,
720 1577 773 1615 vt
804 1572 852 1614 in
884 1571 1111 1629 primarijs
1149 1573 1307 1613 saltem
1341 1569 1556 1626 Collegijs
1589 1570 1677 1611 duo
1711 1569 1803 1611 sint

104 1642 299 1685 Casuum
320 1643 620 1685 conscientiae
640 1643 938 1698 Professores,
978 1648 1022 1685 61
1060 1642 1280 1685 eiusmodi
1312 1642 1517 1698 quidem,
1553 1641 1631 1697 qui
1662 1641 1803 1682 Theo-

100 1713 228 1769 logos
259 1713 537 1756 Professores
568 1719 665 1757 1010
706 1715 796 1757 fere
829 1730 961 1757 onere
1002 1714 1136 1756 huius
1169 1713 1401 1756 facultatis
1434 1713 1583 1754 leuare
1615 1712 1802 1769 possint,

100 1800 202 1827 011111
239 1785 331 1827 11116
362 1786 592 1842 grauiores
629 1786 743 1829 aliae
781 1786 1050 1828 incumbant
1097 1785 1440 1842 disputationeS,
1475 1784 1637 1840 quibus
1670 1798 1801 1838 aegre

100 1855 275 1898 faciunt
322 1856 430 1899 satis
462 1862 645 1914 propter
688 1858 947 1913 angustiam
986 1857 1202 1914 temporis
1241 1855 1591 1913 quadriennalis.
1655 1854 1802 1904 Quare

102 1927 374 1984 Theologiae
406 1929 663 1984 AuditoreS,
696 1944 798 1971 cum
829 1929 946 1971 hanc
978 1928 1245 1970 facultatem
1279 1928 1472 1970 Casuum
1505 1941 1559 1968 ex
1579 1925 1804 1968 Professo-

100 1999 224 2041 ribus
255 1999 528 2056 Theologiae
568 1999 749 2042 haurire
795 2015 888 2042 non
930 1999 1125 2056 possint,
1160 1999 1322 2040 debent
1360 1997 1632 2053 regulariter
1663 2011 1802 2038 vnam

101 2070 302 2126 quotidie
334 2071 572 2113 lectionem
598 2072 794 2114 Casuum
827 2071 981 2114 audire
1003 2086 1093 2113 vno
1118 2070 1313 2124 biennio,
1345 2072 1522 2126 praeter
1542 2068 1802 2111 Vltramon-

101 2146 232 2184 tanos
266 2141 583 2197 Scholasticos,
617 2143 695 2198 qui
725 2143 897 2184 Romae
929 2147 1097 2185 vacant
1129 2140 1469 2196 Controuersijs.

243 2217 282 2258 2.
315 2214 417 2256 Duo
450 2214 634 2256 lectores
657 2215 853 2257 Casuum
885 2214 951 2256 ita
983 2213 1193 2255 materias
1226 2227 1378 2254 omnes
1411 2211 1498 2252 sibi
1529 2210 1799 2267 partiantur,

101 2289 153 2326 vt
200 2285 384 2326 biennio
426 2285 654 2342 explicent
695 2285 1003 2339 Sacramenta,
1055 2285 1295 2338 Censuras,
1344 2283 1500 2325 Status
1551 2281 1800 2336 hominum,

101 2356 349 2413 Praecepta
380 2356 601 2412 Decalogi
634 2361 678 2397 et
698 2356 938 2398 Ecclesiae.
991 2355 1051 2397 Et
1072 2354 1287 2410 quoniam
1320 2368 1470 2395 eorum
1494 2352 1639 2394 omnis
1670 2351 1801 2394 labor

101 2430 272 2482 spectat
303 2427 361 2468 ad
392 2426 660 2481 Parochum,
694 2442 771 2468 seu
792 2426 1127 2469 Confessarium
1157 2425 1504 2477 instituendum,
1539 2439 1593 2465 ex
1624 2423 1679 2479 ijs
1711 2438 1803 2464 ma·

101 2497 226 2553 terijs
256 2512 347 2540 non
381 2498 524 2540 solum
554 2503 753 2540 resecent
785 2498 1059 2552 difficiliora,
1094 2497 1172 2539 sed
1203 2511 1253 2538 ea
1287 2511 1478 2552 quoque,
1513 2509 1703 2550 quorum
1734 2494 1802 2535 in-

102 2567 309 2624 frequens
341 2573 406 2611 est
437 2584 541 2611 vsus
571 2569 619 2611 in
652 2568 1031 2612 Confessionibus.
1094 2568 1253 2623 Itaque
1285 2567 1359 2610 vel
1390 2566 1518 2620 nihil,
1552 2566 1625 2607 vel
1656 2579 1801 2621 pauca

102 2640 322 2695 quaedam
363 2644 407 2682 et
436 2640 621 2682 vtiliora
653 2640 946 2696 Confessarijs
987 2638 1254 2695 attingenda
1292 2642 1398 2680 sunt
1428 2637 1496 2678 De
1535 2636 1801 2689 Interdicto,

102 2710 170 2752 De
191 2711 506 2768 Suspensione,
527 2711 595 2753 De
616 2711 907 2768 Depositione
929 2716 973 2753 et
994 2711 1061 2753 De
1083 2709 1432 2766 Degradatione,
1452 2709 1520 2750 De
1542 2709 1803 2750 Sacramen-

103 2781 162 2823 tis
194 2781 574 2837 Confirmationis,
616 2782 813 2837 Ordinis,
846 2784 1084 2825 Extremae
1114 2780 1355 2824 Vnctionis
1395 2785 1438 2822 et
1471 2778 1800 2832 Eucharistiae,

103 2851 170 2894 De
202 2853 376 2909 Magia,
416 2853 484 2894 De
514 2853 832 2910 Emphyteusi,
873 2854 940 2895 De
972 2852 1160 2895 Haeresi
1192 2857 1236 2894 et
1269 2851 1533 2904 Schismate,
1566 2851 1633 2891 De
1667 2850 1801 2891 Statu

104 2923 285 2980 Regum
309 2930 354 2967 et
373 2925 649 2982 Principum,
682 2926 749 2968 De
768 2926 913 2980 Bello,
946 2925 1014 2966 De
1035 2925 1254 2966 Processu
1273 2923 1602 2978 Inquisitorum
1625 2927 1669 2962 et
1702 2920 1800 2975 aliis

104 2994 151 3038 id
183 3010 336 3051 genus,
371 3011 485 3052 quae
517 2996 767 3039 omittenda
786 2997 860 3040 vel
881 2995 1182 3054 percurrenda
1204 2999 1322 3049 sunt,
1357 3009 1444 3050 quo
1466 2994 1589 3035 locus
1613 2991 1803 3047 amplior

104 3064 185 3108 fiat
214 3066 398 3123 reliquis
429 3067 687 3110 utilioribus
718 3067 1007 3126 exponendis.

1825 1589 1855 1612 p.
1881 1580 1941 1604 160.
