2143 3462
64 550 234 573 studim-nm
249 557 332 574 curn.

125 1262 275 1287 Interariis

172 1049 311 1073 Praefecti

161 1085 328 1110 auctoritas.

65 1298 328 1323 exercitationibus

130 1334 135 1357 i
143 1334 256 1358 utersit.

108 1620 321 1644 l'raecitlondue

148 1656 301 1686 discipulis

112 1691 328 1723 occupationes.

139 1919 312 1943 Praesertim

140 1955 259 1979 biennio
279 1962 321 1978 re-

143 1990 320 2021 petentibus.

119 2134 263 2162 Mag-{stris

284 2134 335 2164 qui

121 2170 331 2194 substituendi.

350 220 435 262 268
527 228 636 264 Ratio
666 228 869 264 studiorum
899 232 936 264 et
961 229 1218 265 institutiones
1244 230 1487 266 scholasticae
1513 231 1712 266 Societatis
1737 232 1829 267 Jesu
1854 231 1892 266 ΙΙ

917 443 1175 523 Regulae
1219 442 1504 507 Rectoris

497 550 539 596 1.
573 551 686 593 Cum
726 550 827 593 ideo
864 550 1117 607 Collegiaet
1146 549 1479 595 Universitates
1519 551 1721 593 Societas
1768 551 2083 607 amplectatur,

349 626 401 663 ut
431 622 480 663 in
511 621 581 663 his
603 621 748 663 nostri
768 622 999 663 commode
1020 622 1196 678 possint
1226 627 1271 664 et
1293 621 1500 664 doctrina
1526 623 1772 678 ceterisque
1792 621 1938 677 rebus,
1971 636 2086 677 quae

349 692 406 733 ad
446 691 725 748 adjuvandas
770 693 945 735 animas
984 693 1245 749 conferunt,
1292 693 1458 735 instrui
1500 697 1545 735 et
1583 707 1697 749 quae
1728 692 1969 735 didicerint
1998 692 2086 750 ipsi

349 762 680 806 communicare
712 778 814 805 cum
845 763 1076 819 proximis,
1108 769 1211 821 post
1242 764 1555 820 religiosarum
1588 768 1634 806 et
1664 763 1911 806 solidarum
1941 762 2086 806 virtu-

349 839 448 876 tum
481 848 648 887 curam,
681 849 794 890 quae
826 834 1066 891 praecipua
1099 850 1189 877 esse
1223 836 1368 890 debet,
1407 835 1456 877 in
1485 835 1600 878 illud
1620 834 1817 877 maxime
1838 834 2085 898 incumbat,

348 910 400 946 ut
432 905 566 947 finem
598 905 734 959 hunc,
769 920 899 961 quem
932 906 981 948 in
1014 906 1278 963 Gymnasiis
1310 907 1605 949 admittendis
1637 906 1838 949 Societas
1870 905 1958 948 sibi
1987 919 2088 963 pro-

348 976 513 1033 posuit,
547 976 642 1018 Deo
668 976 874 1032 juvante,
909 985 1224 1034 consequatur.

491 1047 538 1094 2.
571 1048 645 1090 Ad
677 1047 828 1090 studia
859 1047 1135 1092 moderanda
1166 1049 1419 1107 adjutorem
1450 1049 1639 1092 habebit
1669 1048 1924 1092 studiorum
1955 1050 2089 1092 Prae-

349 1119 529 1173 fectum,
563 1119 636 1161 cui
668 1134 846 1161 omnem
878 1119 1050 1162 tribuet
1080 1125 1368 1177 potestatem,
1401 1135 1537 1177 quam
1566 1120 1623 1163 ad
1641 1124 1813 1163 rectam
1835 1118 1928 1176 ejus
1952 1119 2089 1163 officii

348 1190 787 1233 administrationem
819 1190 1042 1247 pertinere
1070 1191 1311 1247 judicabit.

491 1261 537 1309 3.
582 1263 654 1314 Ita
685 1262 859 1318 reliqua
891 1263 1077 1318 negotia
1108 1262 1336 1319 dispenset
1368 1278 1419 1305 ac
1452 1266 1688 1320 temperet,
1725 1267 1777 1305 ut
1809 1277 1962 1305 omnes
1992 1262 2090 1305 lite—

349 1333 491 1376 rarias
523 1334 866 1376 exercitationes
897 1333 1049 1377 fovere
1081 1338 1216 1390 atque
1249 1334 1525 1391 amplificare
1555 1334 1709 1390 possit.
1772 1333 1924 1376 Adeat
1954 1333 2091 1376 inter-

349 1405 457 1447 dum
505 1405 704 1460 scholas,
754 1405 892 1447 etiam
940 1404 1194 1459 inferiores3
1245 1405 1502 1461 frequenter
1538 1405 1719 1447 intersit
1757 1404 2090 1461 Theologorum

348 1477 820 1534 Philosophorumque
853 1476 1253 1533 disputationibus,
1285 1482 1383 1518 tum
1414 1476 1606 1533 privatis
1639 1481 1739 1519 tum
1770 1475 1983 1533 publicis3
2032 1491 2090 1518 an

349 1552 394 1590 et
414 1548 580 1604 quibus
601 1548 655 1590 de
675 1548 820 1591 causis
840 1547 973 1603 hujus
995 1548 1331 1590 exercitationis
1352 1548 1527 1590 fructus
1549 1548 1836 1605 impediatur,
1870 1548 2090 1591 observet.

491 1620 537 1666 4.
585 1620 723 1663 Nullo
756 1620 889 1661 modo
922 1619 1038 1662 ferat
1072 1620 1332 1662 auditorum
1365 1619 1622 1676 quempiam
1650 1634 1676 1661 a
1707 1619 2088 1676 disputationibus

350 1697 429 1734 aut
460 1691 805 1749 repetitionibus
838 1692 1012 1746 abesse,
1057 1696 1109 1733 ut
1148 1706 1301 1734 omnes
1339 1706 1437 1734 eam
1476 1705 1571 1732 rem
1610 1705 1802 1747 magnae
1841 1690 1928 1733 sibi
1959 1705 2089 1733 curae

349 1777 442 1805 esse
473 1763 759 1819 intelligant3
810 1763 1000 1821 proinde
1045 1763 1363 1820 occupationes
1395 1777 1548 1805 omnes
1580 1762 1811 1819 discipulis
1843 1762 2087 1820 praecidat,

348 1849 462 1891 quae
495 1834 658 1877 studiis
689 1835 1015 1892 impedimento
1048 1850 1140 1877 esse
1171 1834 1359 1892 possint.

493 1918 540 1965 5,
586 1919 699 1972 Eos,
740 1918 818 1974 qui
856 1917 1040 1960 biennio
1080 1917 1286 1960 recolunt
1316 1917 1626 1973 Theologiam,
1659 1916 1881 1960 habendis
1911 1917 2088 1960 concio-

350 1989 484 2032 nibus
516 1989 565 2031 in
595 1989 810 2032 Ecclesiis
840 1990 915 2031 Vel
947 1990 995 2031 in
1029 1989 1255 2032 coenobiis
1287 1988 1521 2045 virginum
1560 2003 1694 2044 quam
1725 1988 1911 2031 minime
1942 1992 2090 2046 potest

353 2065 556 2118 occupet,
588 2061 723 2118 idque
755 2062 960 2103 consulto
993 2060 1284 2103 Provinciali.

497 2133 544 2179 6.
579 2134 648 2175 ΕΧ
679 2133 854 2188 iisdem,
887 2134 923 2174 si
955 2132 1135 2189 quando
1169 2131 1387 2174 ordinarii
1416 2132 1490 2174 vel
1521 2130 1841 2188 Philosophiae
1872 2131 1945 2174 vel
1977 2130 2090 2174 The-

352 2205 528 2260 ologiae
548 2205 862 2262 Praeceptores
896 2205 1058 2259 desint,
1091 2204 1139 2245 in
1172 2217 1326 2245 eorum
1356 2203 1455 2246 loco
1487 2203 1663 2259 aliquos
1694 2202 1838 2245 suffici
1870 2218 1951 2260 par
1983 2203 2086 2257 erit3

352 2276 578 2332 iidemque
609 2280 848 2333 poterunt,
890 2276 925 2317 si
959 2289 1070 2331 opus
1110 2274 1188 2328 sit,
1228 2274 1484 2317 domesticis
1524 2278 1623 2317 tum
1654 2275 1960 2331 repetionibus
1992 2279 2089 2317 tum

353 2347 738 2404 disputationibus
770 2348 1113 2404 Praeceptorum
1145 2346 1242 2388 1000
1274 2346 1538 2402 praesidere,
1574 2346 1665 2387 imo
1698 2347 1848 2401 etiam,
1882 2346 2088 2389 consulto

353 2419 652 2473 Provinciali,
693 2418 1033 2475 Philosophiam
1072 2417 1145 2460 vel
1183 2417 1479 2472 Theologiam
1523 2417 1572 2458 in
1614 2417 1778 2460 scholis
1818 2418 1874 2460 ad
1912 2422 2087 2474 tempus

352 2491 625 2546 praelegere,
660 2492 807 2546 [1832
829 2490 996 2544 addin]
1034 2489 1104 2530 vel
1123 2488 1299 2542 nostriS,
1335 2487 1411 2544 qui
1443 2488 1626 2530 biennio
1659 2489 1804 2531 solum
1836 2489 2089 2545 theologiae

354 2567 529 2616 vacant,
563 2562 879 2619 compendium
912 2561 1176 2616 dogmatum
1208 2558 1395 2600 tradere.

499 2634 538 2680 7.
588 2635 779 2688 Efficiat,
821 2637 874 2676 ut
907 2632 1138 2674 Hebraeae
1171 2630 1458 2685 Graecaeque
1498 2629 1682 2686 linguae
1715 2631 1983 2674 Academiae
2021 2632 2088 2674 in-

356 2705 605 2747 stituantur
635 2706 753 2747 inter
783 2710 981 2759 nostros,
1021 2704 1068 2745 in
1102 2701 1265 2758 quibus
1297 2700 1561 2744 Academici
1592 2702 1661 2744 bis
1692 2708 1772 2745 aut
1802 2707 1871 2745 ter
1902 2703 1950 2745 in
1981 2703 2088 2745 heb-

356 2776 548 2818 domada
580 2782 699 2819 certo
731 2777 897 2833 aliquo,
931 2780 1040 2833 puta
1072 2771 1324 2815 vacationis
1356 2776 1568 2829 tempore,
1605 2774 1669 2816 sic
1701 2778 2004 2829 exerceantur,
2037 2778 2089 2816 ut

356 2848 460 2890 inde
494 2848 672 2905 prodire
714 2850 886 2906 possint
936 2846 1013 2902 qui
1055 2846 1215 2887 harum
1253 2842 1514 2897 linguarum
1547 2845 1783 2888 scientiam
1816 2851 1861 2887 et
1892 2845 2086 2902 dignita-

356 2925 445 2961 tem
478 2920 692 2976 privatim
725 2935 776 2962 ac
807 2919 987 2976 publice
1022 2919 1246 2958 tueantur.

501 2992 547 3037 ὃ.
596 2991 731 3033 Domi
772 2991 955 3045 linguae
993 2988 1159 3030 latinae
1198 2999 1328 3028 usum
1368 2985 1485 3027 inter
1520 2987 1806 3031 scholasticos
1843 2988 2087 3043 diligenter

358 3062 714 3106 conservandum
747 3067 891 3114 curet,
939 3061 994 3102 ab
1028 3060 1112 3102 hae
1143 3063 1292 3101 autem
1324 3058 1464 3100 latine
1496 3059 1710 3115 loquendi
1740 3060 1841 3115 lege
1871 3073 1963 3101 non
1995 3057 2086 3100 exi—

357 3140 561 3189 mantur,
600 3135 689 3177 nisi
722 3134 1012 3177 vacationum
1045 3134 1138 3177 dies
1171 3139 1216 3178 et
1245 3130 1534 3177 recreationis
1565 3131 1719 3187 horae,
1757 3130 1845 3174 nisi
1882 3128 1999 3173 forte
2036 3128 2085 3171 in
