2084 3441
162 383 190 406 p.
215 376 256 399 11.

281 151 335 199 32
465 158 575 200 Ratio
603 160 803 201 studiorum
829 169 866 201 et
891 161 1145 202 institutiones
1171 165 1412 202 scholasticae
1438 167 1630 204 societatis
1655 166 1743 205 Jesu
1767 170 1806 205 II

275 285 400 328 fendi
430 290 630 342 possunt,
663 287 803 341 siquis
833 287 944 328 haee
977 287 1131 329 docere
1162 287 1288 341 velit,
1321 287 1596 328 oonniueant
1618 288 1876 343 Superiores
1909 288 1967 330 ad

277 358 383 412 inge
404 356 408 414 Ι
428 357 605 399 niorum
663 358 1029 399 exercitationem
1087 358 1303 399 maiorem
1362 362 1405 399 et
1457 359 1708 399 accuratius
1762 358 1989 400 veritatis*

276 443 475 470 examen.
536 429 692 471 Nostri
722 429 876 484 itaque
907 443 999 470 non
1030 434 1252 484 cogantur
1284 427 1533 482 defendere,
1567 443 1680 483 quae
1705 434 1966 484 sequuntur.

724 560 794 608 Ex
834 561 992 624 prima
1031 565 1168 623 parte
1209 559 1254 610 S.
1282 558 1532 610 Thomaefi2

419 657 456 697 1.
497 652 789 707 Theologiam
827 653 898 693 vel
946 667 1035 693 esse
1090 653 1322 693 seientiam
1371 653 1564 695 vniuooe
1617 668 1717 695 611111
1770 653 1968 709 soientijs

275 725 575 777 naturalibus,
618 724 690 765 Vel
725 723 916 764 vniuooe
957 723 1260 764 subalternari
1298 725 1511 765 scientiae
1551 724 1812 768 Beatorum.
1854 740 1894 780 q.
1932 729 1970 769 1.

276 799 361 838 art.
397 797 435 838 2.

418 869 456 908 2.
491 864 813 921 Operationem
845 863 902 905 ad
934 868 1060 905 extra
1093 879 1185 906 esse
1224 865 1320 907 Deo
1365 866 1589 907 rationem
1634 866 1870 908 formalem
1908 881 1971 907 63-

277 936 402 978 sendi
435 936 483 977 in
515 936 626 988 1060,
661 940 740 977 aut
771 936 918 977 Deum
949 950 1042 977 esse
1074 936 1122 977 in
1154 936 1313 992 spatijs
1344 937 1482 978 etiam
1520 937 1804 994 imaginarijs
1842 943 1970 979 extra

275 1006 507 1048 mundum.
572 1022 612 1061 q.
648 1010 686 1050 8.
721 1010 804 1048 art.
839 1009 878 1050 2.

415 1080 455 1121 3.
497 1078 768 1133 Repugnat-e
815 1078 1061 1120 seeundum
1109 1079 1364 1121 absolutam
1396 1078 1481 1120 Dei
1526 1079 1793 1135 potentiam,
1842 1083 1895 1121 vt
1945 1094 1971 1121 a

274 1148 427 1190 Beatis
459 1149 581 1190 Deus
612 1148 823 1190 videatur
854 1163 933 1204 per
965 1149 1158 1205 speeiem
1195 1149 1469 1206 impressam,
1510 1150 1716 1204 quamuis
1755 1150 1809 1191 de
1847 1149 1970 1191 facto

274 1233 366 1261 non
398 1219 461 1261 sio
492 1219 716 1261 videatur.
782 1235 822 1274 q.
860 1222 926 1262 12.
960 1234 998 1260 a.
1033 1223 1072 1263 2.

413 1294 454 1334 4.
500 1290 771 1332 Praeuidere
817 1290 965 1332 Deum
1008 1290 1164 1333 futura
1207 1292 1522 1347 contingentia
1567 1292 1617 1333 in
1661 1307 1816 1334 eorum
1862 1292 1973 1334 reali

275 1361 570 1403 coexistentia
601 1376 703 1403 oum
736 1376 815 1402 sua
848 1361 1128 1404 aeternitate.
1194 1378 1235 1418 q.
1272 1366 1338 1407 14.
1374 1378 1412 1405 a.
1449 1366 1515 1408 13.

416 1435 454 1477 5.
489 1432 617 1474 Ideas
648 1432 830 1489 proprie
862 1433 1109 1490 specierum
1131 1448 1236 1488 esse,
1268 1449 1361 1476 non
1382 1434 1736 1490 indiuiduorum,
1769 1451 1852 1477 1166
1872 1450 1974 1492 par-

273 1504 388 1545 tium
421 1504 702 1546 substantiae
735 1506 1025 1561 compositae,
1057 1520 1138 1547 1166
1170 1505 1472 1547 accidentium
1503 1506 1684 1548 realiter
1716 1522 1740 1549 a
1768 1507 1974 1549 substan-

275 1575 342 1617 tia
374 1575 708 1617 distinctorum.
773 1590 814 1631 q.
849 1578 916 1620 15.
951 1591 988 1618 6.
1021 1579 1061 1621 3.

416 1649 456 1689 6.
491 1646 720 1689 Seoundas
753 1661 910 1688 causas
942 1662 1034 1689 esse
1065 1647 1245 1704 proprie
1274 1652 1317 1689 et
1339 1648 1529 1691 vniuooe
1551 1649 1853 1691 instrumenta
1873 1647 1973 1703 Dei,

275 1722 333 1772 et,
367 1732 469 1759 611111
488 1721 745 1774 operantur,
777 1718 923 1760 Deum
954 1718 1003 1759 in
1035 1734 1107 1760 eas
1139 1719 1337 1775 primum
1358 1719 1559 1774 influere,
1584 1724 1663 1762 aut
1683 1734 1757 1761 eas
1778 1733 1971 1761 mouere.

418 1793 456 1833 7.
489 1790 776 1846 Repugnare,
816 1794 870 1831 Vt
913 1789 1097 1845 aliquod
1137 1790 1370 1832 infinitum
1410 1796 1517 1832 actu
1556 1791 1698 1847 possit
1742 1790 1883 1832 creari
1923 1790 1972 1832 in

274 1859 530 1915 quantitate
562 1860 634 1902 vel
666 1860 716 1901 in
748 1860 982 1915 qualitate.
1048 1877 1089 1917 q.
1113 1864 1150 1905 7.
1176 1876 1214 1903 a.
1239 1864 1278 1906 3.
1303 1866 1347 1903 et
1369 1865 1408 1905 4.

416 1934 455 1974 8.
490 1931 712 1986 Spiritum
745 1931 964 1973 Sanctum
996 1947 1089 1974 non
1120 1932 1358 1989 procedere
1391 1947 1446 1974 ex
1484 1947 1634 1975 amore
1674 1933 1809 1975 etiam
1849 1948 1968 1974 orea—

273 2005 477 2043 turarum
509 2001 754 2043 seeundum
786 2016 878 2044 esse
907 2003 1133 2059 possibile.
1197 2018 1236 2059 q.
1261 2006 1330 2047 34.
1355 2019 1392 2045 a.
1416 2006 1455 2048 3.

415 2076 454 2117 9.
488 2072 776 2114 Relationem
808 2073 1026 2116 Divinam
1058 2090 1150 2117 non
1181 2089 1273 2117 esse
1305 2074 1549 2116 secundum
1582 2089 1627 2116 se
1648 2074 1970 2131 perfectionem

273 2144 323 2186 in
355 2159 433 2186 suo
466 2159 641 2200 genere,
684 2148 762 2186 aut
802 2145 986 2187 Patrem
1032 2160 1124 2188 non
1167 2161 1258 2188 esse
1295 2146 1415 2187 Filio
1459 2146 1653 2202 priorem
1692 2146 1868 2201 origine
1907 2161 1969 2188 se-

276 2216 472 2257 eundum
503 2230 610 2257 rem.
675 2231 716 2271 q.
742 2219 809 2260 28.
833 2232 870 2258 a.
892 2220 939 2270 43
974 2232 1015 2272 q.
1039 2220 1108 2262 33.
1133 2232 1171 2259 a.
1194 2220 1242 2271 43
1278 2232 1318 2273 q.
1341 2220 1411 2261 42.
1436 2232 1474 2258 6.
1496 2220 1536 2260 4.
1559 2217 1615 2258 ad
1639 2220 1677 2261 2.

421 2290 487 2330 10.
521 2287 805 2343 Repugnare,
839 2292 892 2330 vt
923 2287 1028 2342 sint,
1060 2288 1133 2330 vel
1173 2288 1225 2329 de
1264 2286 1386 2329 facto
1431 2302 1523 2329 non
1563 2303 1654 2330 esse
1692 2288 1843 2344 plures
1874 2288 1968 2330 An-

276 2357 399 2413 gelos
430 2357 627 2399 eiusdem
659 2358 833 2414 speciei.
896 2373 937 2414 q.
961 2360 1031 2403 50.
1055 2374 1092 2400 a.
1115 2362 1154 2402 4.

427 2432 494 2473 11.
528 2429 717 2485 Angelis
763 2430 985 2472 rationem
1031 2430 1205 2472 essendi
1254 2430 1303 2472 in
1352 2430 1450 2472 1060
1501 2445 1593 2472 6336
1621 2432 1626 2485 Ι
1659 2434 1970 2472 transeuntem

276 2499 594 2556 operationem,
641 2500 714 2542 vel
761 2500 1111 2556 applicationem
1157 2501 1342 2543 virtutis
1388 2501 1445 2543 ad
1490 2501 1728 2557 agendum,
1777 2501 1967 2557 aliaque,

277 2585 390 2626 quae
422 2570 479 2612 ad
510 2570 619 2613 11666
652 2575 973 2626 consequenter
1003 2587 1047 2613 se
1080 2571 1265 2616 habent.
1327 2587 1399 2628 qu.
1423 2575 1493 2617 52.
1515 2588 1553 2614 a.
1578 2576 1616 2617 1.

421 2644 486 2685 12.
521 2642 698 2698 Species
729 2642 1055 2685 Vniuersalium
1087 2644 1395 2699 quidditatum
1426 2643 1563 2685 fuisse
1584 2644 1774 2700 Angelis
1795 2643 1968 2686 infusas

276 2726 353 2769 per
385 2726 443 2766 se,
475 2727 566 2754 non
597 2728 675 2769 per
707 2713 927 2769 accidens,
960 2719 1004 2756 et
1035 2729 1325 2770 quaeeunque
1357 2715 1414 2756 ad
1445 2714 1556 2756 11666
1578 2720 1903 2771 consequenter
1924 2731 1968 2758 se

278 2783 459 2825 habent.
521 2798 562 2838 q.
595 2786 665 2828 55.
699 2800 736 2826 6.
771 2787 811 2828 3.

423 2901 436 2922 ²
460 2901 589 2937 Hiebei
625 2900 682 2938 die
708 2902 1032 2941 handsehriftliche
1058 2914 1104 2941 zu
1131 2903 1222 2940 Rom
1249 2903 1440 2949 gemachte
1477 2905 1725 2950 Bemerkung:
1764 2904 1966 2947 „delectum

279 2959 485 3005 opinionum
513 2972 556 2996 ex
583 2962 666 3006 alijs
696 2963 863 3006 partibus
896 2964 1009 2999 habes
1041 2965 1103 3000 fol.
1138 2965 1250 3010 [pag]
1283 2966 1384 3000 311.“
1435 2965 1506 2999 Ein
1533 2965 1614 3000 Teil
1645 2966 1708 3000 der
1732 2965 1966 3000 Buohstaben

277 3020 327 3056 ist
361 3021 454 3056 heim
480 3021 667 3056 Einbande
701 3022 980 3066 abgesehnitten
1014 3024 1172 3059 worden.
1200 3045 1241 3048 —
1269 3024 1336 3058 Die
1372 3024 1494 3059 Zitate
1530 3035 1596 3059 aus
1633 3025 1713 3059 dem
1747 3025 1780 3059 h.
1807 3024 1964 3060 Thomas

278 3081 357 3116 sind
384 3080 685 3115 handschriftlich
709 3081 928 3126 beigesetzt.
