2143 3462
180 1448 281 1479 p.1.14.

305 184 390 226 110
494 192 604 229 Ratio
630 194 831 231 studiorum
859 204 897 231 et
922 196 1177 233 institutiones
1203 195 1450 233 scholasticae
1476 195 1670 234 societatis
1696 199 1786 236 Jesu
1810 199 1851 236 II

444 316 484 356 4.
517 314 822 357 Remissiones
854 316 1105 359 studiorum
1128 333 1154 359 a
1172 317 1362 373 prandio
1383 316 1513 358 Italis
1546 322 1783 360 consuetae
1807 319 1995 361 ineunte

301 384 331 425 J
334 383 426 425 ulio
458 390 643 441 propter
665 386 824 428 caloris
844 387 1178 429 vehementiam
1211 391 1314 443 (quo
1336 391 1535 443 tempore
1557 388 1834 431 Professores
1857 389 1996 432 Scho—

301 454 447 496 lastici
479 455 639 511 legunt
670 457 856 499 alternis
888 457 1063 512 diebus)
1106 473 1198 500 non
1230 458 1592 514 introducantur,
1633 459 1713 501 vbi
1743 474 1836 502 non
1869 465 1993 515 sunt,

300 525 378 566 sed
416 530 605 569 vacetur
649 527 823 569 duobus
863 528 1116 571 mensibus:
1158 529 1308 571 minus
1346 529 1505 584 etiam,
1545 529 1583 571 si
1613 531 1764 572 minus
1797 535 1863 572 est
1895 544 1998 574 con-

301 600 478 638 suetum
510 602 693 654 propter
724 598 951 640 mitiorem
984 599 1097 640 coeli
1128 600 1406 656 temperiem.
1467 599 1559 643 Vbi
1596 615 1704 643 vero
1743 600 1860 643 fiunt
1890 601 1995 644 illae

300 667 599 721 remissiones,
632 669 788 723 maior,
823 683 955 724 quam
976 674 1167 725 oportet,
1200 670 1278 711 fiet
1306 670 1478 712 iactura
1509 670 1775 726 lectionum,
1808 671 1847 713 si
1874 672 1997 714 vltra

300 737 648 792 sesquimensem
679 739 1005 794 protrahantur
1025 740 1298 782 vacationes.
1361 741 1586 783 Desinant
1607 741 1762 797 itaque
1782 742 1839 784 ad
1859 742 1996 784 finem

301 808 523 862 Augusti,
566 813 609 850 et
650 809 730 850 sub
769 809 933 850 festum
967 810 1011 853 S.
1045 810 1194 852 Lucae
1225 811 1412 854 redeant
1444 811 1500 854 ad
1534 812 1734 854 Scholas.
1797 812 1916 869 Alijs
1947 813 1996 855 in

300 879 564 932 regionibus
612 879 717 920 licet
765 879 898 921 citius
940 880 1170 923 tardiusve
1208 881 1343 924 ferias
1382 882 1524 937 finiri,
1569 883 1802 940 repetique
1846 884 1998 926 studia

302 950 457 1005 exigat
488 951 562 992 vel
595 955 725 993 vetus
747 951 1021 993 Academiae
1053 952 1263 1008 publicae
1295 968 1404 1008 mos,
1437 954 1510 996 vel
1543 954 1658 996 coeli
1690 954 1995 1010 inclementia,

300 1022 372 1062 vel
421 1021 701 1063 consuetudo
757 1022 968 1077 regionis,
1024 1022 1140 1064 illud
1186 1026 1341 1065 tamen
1385 1024 1635 1067 Vniuersim
1682 1029 1879 1080 curetur,
1935 1041 1992 1068 ne

301 1092 454 1133 Nostri
491 1092 614 1134 vltra
653 1093 1025 1149 sesquimensem,
1066 1094 1140 1136 vel
1183 1094 1294 1136 duos
1333 1110 1505 1137 menses
1550 1097 1821 1139 lectionibus
1862 1097 1997 1139 desti-

301 1167 498 1208 tuantur,

471 1410 550 1473 Dc
596 1410 892 1474 Gradibus
938 1412 1454 1487 Baccalaureatus,
1499 1412 1831 1492 Magisterij

922 1507 982 1569 et
1025 1507 1395 1570 Doctoratus

1044 1639 1159 1704 Cap.
1201 1639 1257 1688 X.

443 1732 804 1775 Constitutiones
830 1736 869 1777 4.
894 1733 1019 1775 Part.
1041 1733 1148 1790 Cap.
1175 1734 1241 1776 15.
1265 1747 1308 1773 n.
1333 1734 1380 1775 2:
1417 1731 1498 1788 „In
1530 1732 1735 1787 Artium,
1766 1732 1994 1788 inquiunt,

300 1803 451 1845 studio
485 1819 637 1846 cursus
670 1809 802 1846 erunt
834 1803 1086 1859 ordinandi,
1127 1803 1175 1845 in
1215 1803 1378 1859 quibus
1410 1802 1623 1845 scientiae
1659 1803 1890 1845 naturales
1922 1802 1996 1858 (ad

301 1889 411 1929 quas
442 1874 591 1916 minus
624 1890 759 1930 quam
791 1875 930 1916 trium
963 1889 1184 1917 annorum
1216 1873 1414 1931 spatium
1446 1874 1555 1916 satis
1593 1889 1686 1916 non
1725 1874 1827 1930 erit)
1865 1888 1994 1931 prae-

300 1946 524 2001 legantur,
558 1950 735 2002 praeter
768 1961 879 2001 quos
911 1947 1084 1988 medius
1115 1945 1263 1988 adhuc
1295 1960 1439 1988 annus
1471 1945 1528 1987 ad
1559 1945 1714 1987 audita
1752 1944 1997 2002 repetenda

303 2022 346 2057 et
378 2016 434 2058 ad
467 2022 593 2058 actus
626 2017 928 2059 Scholasticos
959 2017 1247 2060 celebrandos
1280 2020 1325 2058 et
1355 2016 1545 2072 gradum
1575 2015 1825 2072 Magisterij
1860 2015 1997 2058 susci-

300 2088 514 2143 piendum
546 2088 621 2143 ijs,
669 2088 745 2144 qui
778 2104 880 2130 eum
911 2089 1162 2146 suscepturi
1192 2092 1319 2142 sunt,
1351 2087 1669 2143 relinquetur.“
1733 2086 1860 2129 Infra
1890 2090 1915 2141 ξ
1947 2089 1995 2131 3:

305 2158 622 2214 „TheologiaQ
654 2160 884 2215 inquiunt,
918 2159 1188 2202 curriculum
1219 2174 1295 2201 sex
1327 2150 1456 2200 annis
1479 2158 1733 2200 emetietur:
1767 2158 1816 2199 in
1837 2157 1996 2214 primis

303 2233 498 2284 quatuor
531 2245 582 2272 ea
615 2230 777 2285 omnia,
812 2245 925 2286 quae
956 2230 1048 2286 legi
1080 2229 1328 2287 oportebit,
1361 2229 1696 2286 praelegentur3
1741 2228 1790 2270 in
1822 2228 1997 2271 duobus

301 2300 484 2355 reliquis
516 2306 692 2357 praeter
723 2302 1035 2358 repetitionem
1076 2305 1201 2343 actus
1239 2300 1360 2342 soliti
1401 2299 1457 2342 ad
1496 2300 1690 2356 gradum
1722 2300 1996 2342 Doctoratus

304 2371 359 2412 ab
391 2370 458 2426 ijs,
493 2372 569 2427 qui
601 2373 899 2429 promovendi
931 2376 1049 2427 sunt,
1083 2372 1416 2415 absoluentur.“

447 2445 483 2485 1.
519 2443 780 2499 Optandum
806 2448 884 2499 est,
917 2444 1037 2500 quod
1066 2443 1295 2499 hucusque
1325 2441 1421 2484 fieri
1451 2455 1543 2484 non
1573 2442 1736 2499 potuit,
1769 2446 1820 2484 vt
1846 2455 1999 2484 conce-

303 2512 437 2554 datur
483 2513 690 2570 deinceps
727 2515 903 2557 Nostris
942 2514 1000 2557 ad
1038 2513 1324 2571 repetendam
1369 2512 1441 2555 vel
1480 2511 1821 2569 Philosophiam
1867 2512 1997 2554 semi-

307 2598 464 2637 annuS,
498 2585 570 2625 vel
603 2585 900 2641 Theologiam
932 2586 1180 2628 biennium.

445 2658 484 2698 2.
518 2655 655 2697 Porro
687 2671 819 2712 aegre
852 2656 908 2698 ab
941 2656 1136 2698 externis
1167 2654 1359 2698 obtineri
1391 2654 1557 2711 poterit
1586 2654 1768 2711 vbique,
1800 2658 1853 2697 vt
1873 2658 1998 2696 actus

303 2740 394 2767 non
426 2726 639 2768 inchoent
671 2741 748 2768 seu
779 2727 1031 2784 perficiant,
1075 2726 1164 2768 nisi
1194 2730 1372 2783 peracto
1405 2724 1723 2781 Philosophiae
1753 2724 1826 2767 vel
1857 2724 1998 2767 Theo-

303 2797 450 2853 logiae
490 2797 654 2851 studio,
692 2798 828 2853 idque
868 2798 940 2840 vel
972 2812 1049 2854 per
1080 2797 1318 2840 dimidium
1351 2810 1520 2837 annum
1551 2796 1625 2838 vel
1656 2809 1735 2853 per
1765 2795 1998 2838 biennium

304 2868 436 2909 vltra.
501 2868 617 2909 Nam
657 2869 705 2909 in
738 2869 872 2910 Italia
913 2868 991 2910 vix
1039 2883 1065 2909 a
1095 2867 1271 2910 Nostris
1316 2870 1639 2923 promouentur
1683 2866 1772 2908 nisi
1812 2866 1998 2922 alumni,

305 2939 378 2980 vel
419 2938 715 2990 conuictores,
766 2939 840 2994 qui
884 2938 1059 2980 tamdiu
1105 2942 1334 2992 nequeunt
1375 2940 1634 2993 expectare,
1682 2941 1726 2979 et
1767 2936 1901 2979 facile
1942 2937 2000 2980 ad

191 3037 198 3051 ‚
258 3028 283 3051 5.
306 3009 574 3051 medicinam
599 3008 603 3066 l
628 3009 699 3050 vel
741 3009 795 3050 ad
827 3009 1226 3065 iurisprudentiam
1259 3008 1542 3050 dilabuntur:
1592 3008 1702 3064 quin
1736 3009 1872 3050 etiam
1894 3007 2000 3050 alie-

302 3085 469 3122 nantur
507 3095 532 3122 a
563 3079 741 3122 Nostris
773 3084 818 3121 et
851 3078 1143 3122 offenduntur
1174 3078 1257 3121 hac
1289 3078 1552 3133 seueritate,
1597 3093 1699 3121 cum
1737 3078 1786 3120 in
1817 3079 2001 3121 caeteris
