2148 3402
561 194 603 229 R.
629 198 675 230 st.
704 194 792 229 1585
853 191 1105 230 Humanitatis
1131 191 1313 236 magistri.
1700 181 1783 225 153

93 329 219 357 suam
251 314 299 356 in
330 329 399 355 res
433 314 543 355 alias
581 329 761 371 operam
794 313 1021 355 conferre?
1081 313 1148 354 Ea
1187 326 1294 355 vero
1331 326 1378 352 re
1416 312 1464 352 in
1507 315 1743 367 Vtramque
1780 312 1783 367 Ι

87 389 259 442 partem
291 385 471 439 iactata,
505 385 687 427 tandem
718 385 866 427 visum
899 388 965 425 est
996 383 1128 426 Valde
1162 383 1413 438 optandum
1437 397 1541 434 esse,
1576 388 1627 424 vt
1649 383 1783 424 multi
1807 392 1908 425 ww-

88 456 317 511 (videlicet
348 471 495 512 neque
527 457 711 511 ingenio
743 471 887 511 neque
922 455 1128 497 doctrina
1160 454 1458 506 abundantes)
1497 468 1541 495 se
1573 469 1618 494 se
1650 455 1786 496 etiam

89 527 378 569 inferioribus
397 528 612 569 classibus
627 532 864 584 perpetuos
884 526 1125 582 magistros
1141 525 1304 567 dicent.
1343 526 1391 567 Si
1410 525 1527 566 nihil
1547 524 1682 577 aliud,
1704 525 1789 566 hoc

88 598 192 640 inde
213 613 547 654 consequemur,
578 613 634 639 ne
657 598 958 640 adolescentes
980 597 1162 638 maioris
1183 597 1238 638 ad
1259 596 1512 638 doctrinam
1543 595 1710 637 indolis
1741 597 1789 637 in

89 669 279 711 docendi
309 685 491 711 munere
522 670 672 723 inuiti,
718 669 812 711 sine
853 669 1175 725 discipulorum
1215 667 1368 709 fructu
1408 670 1451 707 et
1484 681 1584 707 cum
1616 681 1696 707 sua
1725 666 1790 707 ia-

90 745 218 783 ctura
247 741 325 782 diu
347 745 595 783 versentur.
646 741 798 796 Atque
821 741 930 783 adeo
953 739 1233 782 Prouinciali
1253 738 1511 780 faciendum
1542 737 1788 791 videretur,

89 816 141 854 vt
173 826 227 853 ex
256 811 324 867 ijs,
358 811 435 867 qui
468 812 525 853 ad
557 813 827 854 Societatem
860 827 951 853 sese
983 811 1257 866 adiungunt,
1292 810 1328 850 si
1360 824 1471 864 quos
1496 813 1656 850 nactus
1677 812 1791 849 esset

90 882 320 936 eiusmodi,
356 883 433 938 qui
465 898 544 939 per
575 887 769 924 aetatem
802 887 846 924 et
876 883 1112 937 ingenium
1149 897 1241 923 non
1273 895 1463 935 magnos
1494 880 1540 921 in
1572 879 1791 936 grauiori-

95 954 174 995 bus
205 954 365 1010 studijs
396 969 624 1010 processus
655 954 820 996 facturi
851 954 1135 1008 viderentur,
1175 954 1256 995 hos
1297 955 1415 1006 (cum
1453 951 1501 993 id
1533 951 1627 992 sine
1657 965 1790 993 Voca-

92 1025 229 1067 tionis
272 1025 471 1082 periculo
513 1025 609 1067 fieri
646 1029 808 1082 potest)
851 1027 1117 1082 priusquam
1159 1025 1377 1081 reciperet
1416 1023 1464 1064 in
1503 1022 1790 1066 Societatem,

90 1097 286 1152 benigne
317 1101 360 1139 et
381 1097 568 1139 comiter
592 1096 870 1151 adhortetur,
901 1101 953 1139 vt
984 1097 1130 1139 velint
1162 1100 1207 1137 et
1241 1095 1362 1151 apud
1394 1110 1438 1136 se
1461 1098 1666 1136 statuant
1692 1108 1790 1149 per-

90 1172 239 1224 petuo,
273 1171 351 1209 aut
383 1168 533 1223 quoad
566 1168 882 1225 Superioribus
912 1168 1143 1222 videatur,
1177 1182 1338 1224 pueros
1372 1166 1551 1219 docere,
1593 1164 1713 1220 quod
1742 1164 1792 1206 in

93 1239 326 1296 Hispanijs
358 1239 594 1281 factitatur
625 1244 669 1282 et
703 1240 903 1282 succedit
935 1255 989 1281 ex
1022 1239 1259 1281 sententia.
1323 1238 1394 1279 Ex
1426 1237 1482 1293 ijs
1515 1241 1679 1290 autem,
1714 1235 1790 1291 qui

92 1310 214 1352 hisce
246 1311 419 1353 Scholis
451 1326 541 1353 sese
573 1312 803 1365 addicunt,
837 1312 875 1353 si
908 1311 986 1367 qui
1017 1309 1344 1365 defatigatione
1378 1313 1455 1351 aut
1477 1307 1682 1350 satietate
1715 1306 1791 1348 do-

94 1382 233 1436 cendi,
267 1382 415 1424 minus
446 1383 685 1438 diligentes
718 1398 809 1424 sese
840 1383 888 1425 in
911 1397 989 1424 suo
1012 1384 1195 1423 munere
1226 1380 1484 1437 praebeant,
1518 1382 1681 1422 vacent
1700 1393 1790 1421 Vno

95 1454 292 1496 alterove
309 1469 426 1496 anno
446 1459 503 1508 et,
521 1459 759 1511 postquam
779 1455 899 1497 vires
920 1453 1170 1507 refecerint,
1189 1453 1374 1494 redeant
1391 1452 1447 1493 ad
1465 1450 1663 1503 Scholas,
1686 1449 1735 1490 id
1755 1448 1792 1489 si

94 1524 374 1567 fructuosum
406 1540 497 1567 esse
529 1530 755 1583 speratur:
796 1526 866 1567 sin
897 1525 1066 1579 minus,
1108 1523 1269 1578 officijs
1307 1538 1358 1565 ac
1395 1522 1659 1565 muneribus
1692 1520 1792 1576 alijs

97 1600 384 1653 occupentur.

238 1670 278 1712 5.
311 1668 410 1710 Iam
447 1683 554 1711 vero
588 1668 763 1711 Scholis
800 1668 966 1710 nostris
999 1668 1241 1710 admodum
1274 1666 1557 1709 conducibile
1597 1665 1791 1718 videtur,

96 1754 184 1794 eOS,
218 1740 295 1795 qui
325 1755 447 1782 nunc
478 1740 675 1796 primum
706 1739 934 1796 incipiunt
956 1739 1124 1793 docere,
1157 1754 1250 1780 non
1282 1739 1438 1780 statim
1459 1737 1565 1792 (nisi
1586 1751 1794 1793 praesens

96 1811 348 1865 necessitas,
383 1816 461 1853 aut
492 1811 748 1867 aliquorum
780 1815 1013 1868 praestans
1044 1810 1218 1852 indoles
1242 1825 1292 1852 ac
1312 1809 1518 1852 doctrina
1546 1808 1671 1850 aliud
1703 1807 1794 1849 exi-

96 1884 226 1938 gant)
263 1882 359 1924 fieri
399 1884 715 1939 Praeceptores
751 1881 922 1939 primae
959 1881 1111 1923 classis
1143 1880 1474 1923 Grammaticae
1514 1883 1593 1921 aut
1623 1880 1795 1920 Huma-

95 1954 269 2008 nitatis,
303 1954 439 1996 etiam
471 1954 508 1995 si
540 1954 743 2009 alioquin
773 1953 830 1995 ad
852 1953 900 1995 id
921 1953 1067 2009 inepti
1088 1967 1181 1994 non
1200 1952 1477 2006 viderentur,
1511 1950 1589 1991 sed
1606 1949 1794 1990 initium

96 2024 243 2067 facere
274 2025 329 2067 ab
361 2025 530 2067 infimis
560 2025 652 2067 fere
684 2024 925 2082 classilbus,
959 2028 1002 2066 et
1025 2023 1268 2079 quotannis
1301 2023 1357 2064 ad
1381 2021 1663 2078 Superiorem
1691 2034 1792 2076 pro-

97 2096 225 2152 gredi
247 2111 348 2139 cum
370 2111 536 2152 magna
557 2101 684 2152 parte
705 2096 963 2138 auditorum
985 2110 1181 2149 suorum,
1215 2095 1322 2150 quia
1342 2094 1486 2151 prima
1512 2093 1591 2134 illa
1621 2091 1796 2133 ruditas

98 2171 233 2223 atque
275 2168 501 2224 imperitia
538 2168 837 2223 regendarum
879 2167 1146 2209 Scholarum
1186 2165 1353 2207 minori
1393 2180 1494 2207 cum
1537 2165 1702 2206 damno
1745 2163 1795 2204 in

97 2238 278 2293 infimis,
310 2254 446 2294 quam
477 2239 524 2280 in
547 2238 764 2295 supremis
796 2238 1013 2280 classibus
1053 2252 1139 2280 Vsu
1178 2237 1368 2279 docendi
1409 2236 1632 2293 paulatim
1663 2235 1794 2291 depo-

96 2309 239 2351 nitur:
273 2314 329 2364 et,
363 2309 400 2351 si
430 2309 540 2365 quid
571 2313 746 2351 erratur
778 2324 803 2351 a
833 2309 964 2351 nouis
995 2308 1289 2363 DoctoribuS,
1328 2307 1609 2350 tolerabilius
1650 2310 1717 2347 est
1747 2305 1797 2347 in

99 2381 316 2436 minimis,
349 2396 486 2436 quam
515 2381 564 2422 in
594 2381 805 2422 maximis
839 2380 996 2423 errari:
1030 2384 1218 2421 naturae
1247 2393 1422 2435 quoque
1445 2378 1553 2420 ordo
1584 2377 1796 2434 postulat,

99 2454 152 2492 vt
201 2466 227 2493 a
264 2450 511 2493 leuioribus
552 2452 819 2493 ascendatur
862 2452 918 2494 ad
963 2451 1185 2507 grauiora.
1248 2451 1352 2492 Huc
1395 2464 1572 2505 quoque
1612 2448 1798 2503 accedit,

100 2522 221 2578 quod
242 2536 332 2563 non
362 2521 496 2564 toties
528 2522 755 2564 auditores
787 2522 1052 2578 magistros,
1085 2526 1164 2563 aut
1187 2521 1396 2576 magistri
1419 2521 1648 2563 auditores
1680 2533 1798 2561 com-

100 2597 343 2647 mutarent,
375 2607 468 2634 non
499 2593 594 2634 sine
627 2593 783 2649 aliqua
805 2593 1019 2649 temporis
1048 2592 1234 2647 iactura,
1268 2592 1409 2634 donec
1428 2591 1612 2648 vtrique
1634 2591 1798 2632 alteros

105 2668 356 2720 agnoscant
388 2668 432 2705 et
462 2664 738 2720 intelligant,
772 2664 881 2720 quid
915 2664 1076 2720 cuique
1107 2663 1428 2720 praestandum
1462 2663 1539 2704 sit:
1585 2661 1666 2703 sed
1698 2676 1801 2703 cum

105 2735 448 2777 ascendentibus
479 2735 710 2790 Magistris
746 2735 812 2777 ita
844 2735 1066 2791 Discipuli
1099 2734 1405 2789 ascenderent,
1449 2739 1503 2777 vt
1533 2737 1680 2775 essent
1710 2732 1800 2773 fere

103 2820 274 2862 semper
303 2806 440 2861 ijdem
473 2810 517 2847 et
548 2806 829 2848 auditoribus
861 2806 1080 2861 magistri,
1114 2810 1158 2847 et
1189 2805 1418 2861 magistris
1451 2804 1689 2847 auditores.
1744 2802 1799 2844 Id

104 2877 223 2931 quod
269 2876 540 2918 seruandum
584 2877 765 2919 Videtur
811 2877 859 2919 in
904 2878 1155 2920 minoribus
1194 2882 1311 2919 certe
1351 2875 1585 2932 Collegijs,
1629 2875 1667 2916 si
1706 2888 1799 2915 non

103 2951 252 3002 potest
282 2948 418 2989 etiam
448 2947 498 2989 in
528 2948 772 2990 maioribus
803 2963 853 2990 ac
882 2948 1146 3005 praecipuis,
1183 2948 1304 3004 quod
1330 2948 1379 2989 in
1413 2947 1484 2988 his
1507 2950 1552 2987 et
1571 2943 1799 2999 magistris

105 3018 238 3059 multi
269 3023 442 3074 praesto
474 3022 591 3072 sunt,
625 3018 681 3060 ad
713 3033 822 3073 quos
863 3019 1153 3075 confugiant,
1195 3023 1239 3060 et
1273 3018 1461 3061 Scholae
1492 3017 1601 3059 satis
1631 3014 1799 3057 habent

108 3089 375 3144 autoritatis,
396 3103 540 3145 neque
561 3089 878 3145 magistrorum
900 3091 1093 3132 mutatio
1114 3105 1330 3145 magnum
1351 3092 1627 3132 momentum
1646 3084 1797 3128 habet.

1816 2046 1842 2069 p.
1856 2037 1918 2063 220.
