2143 3462
116 343 212 367 Artic.
228 343 255 367 8.
267 342 341 366 Tho-

107 386 166 403 mae
187 386 287 408 quom.
302 384 348 400 ex-

165 415 305 444 plia-andi.

89 1757 246 1787 Longiores
262 1760 365 1781 tracta-

126 1797 172 1817 tus
184 1801 238 1817 non
253 1793 338 1817 insti-

172 1830 287 1853 tin-ndi.

116 2045 174 2067 Aut
195 2043 347 2067 defenden-

91 2079 145 2103 dus
166 2080 194 2102 S.
217 2079 284 2110 Th„
305 2083 354 2103 aut

117 2124 144 2145 q.
168 2115 342 2139 omittenda.

117 2256 337 2287 Disputationes

145 2296 317 2317 menstruae.

374 199 460 251 308

557 216 667 252 Ratio
694 216 897 253 studiorum
923 221 959 253 et
984 209 1236 253 institutiones
1261 207 1504 251 scholasticae
1531 208 1730 252 Societatis
1755 210 1846 253 jesu
1870 210 1908 252 '11

509 335 578 382 11.
612 336 792 378 Faciles
809 339 1096 393 percurrantl
1114 337 1222 378 arti-

375 407 510 449 culos.
594 408 755 463 ][taque
801 408 1026 464 praelecto
1070 408 1222 462 titulo,

373 492 478 519 mox
517 478 590 520 vel
630 478 835 521 indicent
876 479 1079 520 breviter
1120 493 1221 520 con-

371 549 621 591 clusionem
644 549 688 591 S.
708 549 920 604 Thomae,
952 549 1026 592 vel
1048 549 1220 592 dicant:

372 619 416 661 S.
457 619 654 662 Thomas
705 620 950 677 respondet
1011 620 1222 675 negando

371 690 444 732 vel
477 690 758 733 affirmando.
806 691 862 732 In
894 690 1224 733 difficilioribus

372 776 477 804 vero
500 763 850 818 progrediantur
871 762 957 804 hoc
978 762 1069 804 fere
1091 762 1224 804 modo

371 837 508 888 atque
541 834 715 875 ordine:

1348 334 1417 380 ll.
1468 335 1624 378 Sicubi
1671 335 1768 392 ipsa
1816 336 1861 379 S.
1907 336 2107 378 Thomae

1260 407 1447 449 Summa
1505 406 1555 448 in
1617 406 1784 448 scholis
1845 407 2106 464 explicetur,

1259 476 1615 534 providendum,
1692 482 1745 519 ut
1815 478 2108 535 suppleantur

1261 563 1391 604 quae,
1437 564 1462 591 a
1501 548 1546 591 S.
1581 548 1757 591 Thoma
1786 564 1887 606 Δ11011
1937 554 2110 607 pertra-

1262 623 1399 674 ctata,
1439 619 1510 662 his
1540 619 1821 677 temporibus
1860 620 2109 662 necessaria

1262 690 1458 733 maxime
1490 696 1607 733 sunt.
1656 691 1833 733 Faciles
1866 692 1910 735 S.
1943 691 2109 734 Docto-

1261 763 1323 804 ris
1355 762 1536 804 articuli
1565 767 1899 819 percurrantur.
1946 763 2002 804 In
2023 762 2107 818 his,

1260 834 1484 890 praelecto
1516 834 1666 888 titulo,
1697 848 1803 876 mox
1835 834 1909 877 vel
1939 833 2108 876 indice-

1260 909 1336 946 tur
1367 904 1569 948 breviter
1589 904 1818 947 conclusio
1837 905 1881 947 S.
1897 905 2108 959 Thomae,

1260 976 1334 1018 vel
1357 976 1554 1018 dicatur:
1589 976 1732 1018 S.Th.
1764 976 2006 1033 respondet
2035 991 2110 1018 ne-

1259 1046 1411 1102 gando
1455 1047 1529 1089 vel
1566 1047 1846 1089 affirmando.
1907 1047 1965 1089 In
1994 1046 2110 1089 diffi-

1259 1117 1491 1160 cilioribus
1505 1133 1610 1161 vero
1628 1117 2008 1175 progrediendum
2025 1118 2111 1160 erit

1258 1188 1344 1230 hoc
1375 1188 1467 1230 fere
1500 1188 1636 1230 modo
1669 1192 1804 1244 atque
1836 1187 2011 1231 ordine:

372 1257 637 1315 Explicetur
668 1259 864 1315 primum
896 1260 1077 1302 articuli
1108 1260 1285 1315 titulus,
1318 1261 1356 1302 si
1378 1260 1489 1316 quid
1510 1259 1648 1302 habet
1668 1259 1980 1314 obscuritatis3
2011 1263 2110 1302 tum

373 1334 625 1386 exponatur
664 1330 915 1385 distinctio,
964 1331 1001 1372 si
1041 1346 1130 1387 qua
1169 1336 1256 1386 est,
1297 1346 1353 1373 ex
1391 1330 1517 1387 cujus
1556 1330 1770 1373 membris
1801 1330 2111 1373 conclusiones

372 1406 644 1456 nascuntur3
678 1415 783 1444 mox
818 1402 1044 1444 conclusio
1076 1402 1291 1459 primaria
1323 1402 1368 1444 S.
1393 1402 1594 1444 Thomae
1612 1406 1747 1458 atque
1767 1401 1881 1444 aliae
1903 1401 2110 1458 deinceps

372 1475 615 1527 ponantur,
657 1472 938 1529 singulisque
971 1473 1352 1529 conclusionibus,
1383 1473 1472 1515 nisi
1503 1473 1761 1531 perspicuae
1793 1473 1897 1528 sint,
1929 1472 2112 1528 adjicia-

373 1548 448 1584 tur
481 1543 634 1599 aliqua
667 1543 864 1598 ejusdem
895 1544 1027 1599 ratio,
1062 1559 1175 1600 quae
1207 1544 1345 1587 etiam
1376 1545 1442 1587 ita
1475 1545 1738 1602 explicetur,
1770 1549 1822 1587 ut
1843 1544 2112 1601 intelligant

372 1614 612 1670 auditores,
634 1615 683 1657 in
705 1615 1075 1658 distinctionibus
1095 1630 1146 1657 ac
1166 1615 1422 1658 rationibus
1442 1617 1486 1659 S.
1510 1616 1710 1659 Thornae
1732 1616 1949 1673 majorem
1967 1616 2111 1658 inesse

371 1686 481 1740 vim,
514 1701 650 1742 quam
681 1686 828 1743 prima
858 1686 1008 1729 fronte
1041 1687 1285 1743 aliquando
1318 1687 1542 1731 videatur.

519 1756 592 1804 12.
656 1758 897 1816 Explicato
931 1759 1136 1815 quolibet
1166 1759 1378 1814 articulo,
1419 1759 1458 1801 si
1494 1773 1564 1802 res
1595 1758 1771 1815 exigat,
1804 1759 2111 1816 quaestionem

378 1828 608 1883 instituat,
642 1844 735 1871 non
767 1834 922 1871 tamen
953 1830 1205 1886 longiorem
1237 1831 1381 1873 ullum
1400 1834 1663 1886 tractatum,
1696 1830 1786 1872 nisi
1811 1831 1861 1873 in
1886 1830 1942 1872 iis
1973 1834 2111 1872 mate-

372 1899 464 1955 riis,
498 1916 612 1956 quae
644 1901 719 1944 vel
750 1901 799 1943 in
831 1902 874 1944 S.
909 1901 1084 1944 Thoma
1122 1917 1215 1944 non
1253 1901 1497 1957 habentur,
1538 1902 1612 1944 vel
1649 1902 1875 1945 habentur
1915 1901 2109 1958 quidem,

375 1971 452 2013 sed
483 1972 640 2014 utilius
672 1972 956 2029 explicantur
986 1972 1266 2029 compendio.

516 2041 588 2089 13.
651 2044 755 2086 Non
802 2044 914 2086 satis
971 2048 1038 2086 est
1069 2044 1319 2087 Doctorum
1359 2044 1605 2087 sententias
1654 2044 1839 2100 referre,
1886 2059 2015 2087 suam
2044 2059 2110 2086 re-

372 2113 524 2168 ticere3
575 2115 651 2156 sed
691 2115 905 2157 defendat
945 2115 1203 2173 opinionem
1249 2117 1294 2159 S.
1327 2116 1425 2172 Th„
1465 2121 1518 2159 ut
1555 2115 1727 2158 dictum
1767 2120 1845 2172 est,
1877 2116 1951 2160 vel
1981 2130 2112 2174 quae-

372 2184 565 2227 stionem
595 2185 740 2243 ipsam
772 2186 969 2231 omittat.

518 2256 591 2303 14.
655 2258 709 2299 In
742 2258 1130 2316 disputationibus
1161 2260 1418 2314 menstruis,
1450 2258 1615 2316 quibus
1631 2258 1825 2301 totidem
1855 2258 2109 2314 defendent,

377 2332 487 2383 quot
519 2328 691 2371 fuerint
723 2329 1054 2386 Praeceptores,
1087 2331 1207 2372 terni
1226 2330 1318 2373 fere
1336 2334 1439 2373 ante
1454 2329 1688 2373 meridiem
1721 2333 2109 2386 argumententur,

372 2399 566 2441 totidem
598 2404 701 2457 post
742 2401 1000 2456 meridiem,
1055 2401 1248 2458 quilibet
1288 2402 1502 2445 adversus
1540 2416 1694 2443 omnes
1726 2401 2030 2457 defendentes,
2063 2404 2109 2442 et

375 2470 569 2526 quidem,
591 2472 630 2513 si
650 2471 766 2514 nihil
788 2471 1020 2529 impediat,
1044 2473 1121 2529 qui
1138 2489 1270 2516 mane
1287 2473 1566 2531 responderit
1579 2474 1724 2531 primo
1741 2473 1853 2528 loco,
1876 2487 1901 2514 a
1917 2471 2108 2529 prandio

374 2542 569 2584 secundo
601 2544 884 2600 respondeat.

522 2754 530 2773 ¹
565 2766 610 2790 m.
637 2757 814 2799 peaurrat
841 2762 878 2792 et
904 2757 956 2792 sic
980 2756 1154 2802 deinceps
1181 2769 1276 2793 num.
1302 2758 1397 2804 sing.
