2089 3381
487 139 531 177 R.
552 142 598 176 st.
620 140 722 175 1586.
760 136 869 174 Bulla
889 136 947 172 Pii
968 136 1012 174 V.
1038 140 1076 172 et
1098 136 1208 181 Greg.
1231 136 1335 172 XIII.
1704 127 1760 169 63

63 260 310 304 Oharitatis
340 259 695 312 inhabitantem3
729 257 928 311 alteriuS,
961 270 1076 312 quae
1106 255 1160 297 fit
1188 269 1243 297 ex
1262 254 1557 311 inspiratione
1579 254 1761 311 quidem

62 332 260 390 Spiritus
293 332 452 375 Sancti
483 346 559 374 cor
591 330 648 373 ad
677 327 1002 387 poenitentiam
1035 326 1289 381 excitantis,
1329 325 1405 368 sed
1445 326 1647 368 nondum
1688 341 1764 368 eor

60 402 362 445 inhabitantis
393 407 439 444 et
469 402 518 444 in
550 417 601 445 eo
642 400 912 443 charitatem
951 397 1261 452 diffundentis,
1302 412 1391 453 qua
1431 396 1612 438 diuinae
1650 396 1763 452 legis

60 472 323 515 iustificatio
355 472 608 529 impleatur,
641 470 924 514 odiosissima
943 474 987 512 et
1013 468 1373 528 pertinacissima
1398 466 1615 522 reijcitur.
1677 466 1764 509 De-

60 543 197 600 nique
228 547 274 586 et
306 543 387 585 illa
420 543 652 585 distinctio
686 542 878 600 duplicis
909 539 1250 594 viuificationiS,
1283 538 1469 581 alterius
1502 552 1591 593 qua
1610 537 1762 581 viuifi-

61 618 190 657 catur
219 618 439 672 peccator,
474 614 581 656 dum
614 614 654 656 ei
684 613 968 671 poenitentia
1000 616 1045 654 et
1074 612 1197 654 vitae
1227 624 1373 652 nouae
1404 607 1689 666 propositum
1720 612 1764 649 et

60 685 292 728 inchoatio
323 699 402 742 per
423 685 509 727 Dei
540 685 738 740 gratiam
768 683 1038 742 inspiratur3
1072 681 1258 725 alterius
1280 695 1368 737 qua
1389 679 1663 733 Viuificatur,
1687 678 1762 735 qui

60 771 164 800 vere
194 756 482 810 iustificatur,
515 760 559 798 et
589 756 759 813 palmes
798 756 934 798 viuus
964 754 1014 796 in
1051 753 1146 796 vite
1184 752 1364 795 Christo
1402 750 1607 805 efficitur,
1647 764 1765 792 com-

61 826 273 869 mentitia
314 825 543 868 iudicatur
585 831 631 868 et
671 826 919 883 Scripturis
961 825 1149 867 minime
1192 836 1458 879 congruens,
1530 822 1634 864 Non
1676 821 1765 862 nisi

62 898 308 954 Pelagiano
330 912 477 940 errore
510 897 693 940 admitti
723 901 873 954 potest
901 912 1008 940 Vsus
1041 896 1205 952 aliquis
1236 894 1367 937 liberi
1399 892 1574 950 arbitrij
1606 893 1765 947 bonus,

62 969 157 1012 sive
188 982 280 1011 non
311 969 471 1023 malus,
504 973 549 1010 et
579 968 754 1025 gratiae
786 968 957 1011 Christi
988 967 1199 1009 iniuriam
1240 966 1364 1020 facit,
1406 965 1484 1021 qui
1522 964 1589 1006 ita
1627 964 1766 1006 sentit

62 1044 108 1083 et
151 1040 293 1083 docet.
373 1040 480 1082 Sola
527 1039 746 1082 violentia
790 1044 1016 1097 repugnat
1063 1038 1267 1081 libertati
1311 1036 1507 1079 hominis
1553 1036 1766 1078 naturali.

62 1112 212 1154 Homo
256 1116 413 1168 peccat
457 1111 594 1153 etiam
638 1111 959 1154 damnabiliter
995 1111 1044 1153 in
1083 1125 1148 1165 eo,
1193 1109 1314 1166 quod
1351 1108 1600 1151 necessario
1639 1107 1764 1151 facit.

61 1181 314 1225 Infidelitas
345 1197 454 1240 pure
486 1183 705 1238 negatiua
733 1186 738 1240 Ι
766 1183 815 1225 in
845 1183 929 1237 his,
963 1182 1127 1239 quibus
1161 1181 1368 1223 Christus
1406 1194 1498 1222 non
1535 1184 1602 1221 est
1638 1194 1764 1236 prae·
1784 1204 1812 1228 p.
1835 1196 1880 1221 63.

64 1253 254 1309 dicatus,
288 1258 524 1311 peccatum
557 1258 635 1296 est.
699 1253 980 1297 Justificatio
1012 1252 1140 1310 impij
1174 1253 1227 1294 fit
1264 1251 1515 1294 formaliter
1547 1265 1625 1308 per
1665 1250 1767 1292 obe-

63 1325 282 1367 dientiam
313 1326 440 1381 legis,
473 1340 566 1368 non
598 1330 751 1368 autem
783 1340 861 1382 per
893 1326 1117 1368 occultam
1149 1323 1604 1367 communicationem
1631 1326 1676 1364 et
1695 1321 1765 1363 in-

64 1396 357 1453 spirationem
379 1397 567 1452 gratiae,
590 1412 702 1453 quae
723 1412 802 1454 per
824 1412 922 1438 eam
944 1396 1211 1438 iustificatos
1233 1395 1371 1438 iaciat
1391 1394 1577 1450 implere
1603 1393 1764 1448 legem.

62 1467 212 1510 Homo
245 1467 441 1510 existens
472 1468 521 1510 in
552 1473 733 1525 peccato
766 1469 948 1510 mortali
980 1468 1074 1510 siue
1106 1468 1154 1510 in
1186 1471 1314 1509 reatu
1346 1470 1552 1508 aeternae
1581 1464 1765 1506 damna-

63 1539 202 1581 tionis
233 1545 383 1596 potest
412 1540 578 1581 habere
609 1555 762 1583 veram
795 1540 1078 1595 charitatem,
1112 1544 1156 1581 et
1187 1538 1383 1581 charitas
1406 1536 1543 1579 etiam
1565 1535 1764 1592 perfecta

63 1615 213 1667 potest
256 1610 495 1653 consistere
540 1626 641 1653 cum
681 1616 809 1654 reatu
850 1619 1055 1654 aeternae
1096 1609 1415 1653 damnationis.
1478 1608 1565 1649 Per
1597 1605 1764 1648 contri-

62 1681 236 1724 tionem
277 1681 414 1724 etiam
453 1697 554 1724 cum
599 1682 819 1724 charitate
862 1681 1062 1739 perfecta
1106 1687 1150 1724 et
1195 1695 1295 1723 cum
1339 1684 1446 1721 voto
1492 1677 1766 1735 suscipiendi

66 1754 409 1796 Sacramentum
450 1753 754 1808 coniunctam,
799 1767 890 1796 non
933 1753 1183 1795 remittitur
1226 1752 1396 1794 crimen
1441 1754 1567 1791 extra
1611 1763 1765 1791 casum

62 1824 359 1879 necessitatis,
404 1828 484 1866 aut
525 1825 730 1882 martyrij
780 1826 875 1867 sine
923 1825 1090 1867 actuali
1137 1823 1420 1880 susceptione
1468 1820 1764 1864 Sacramenti.

66 1895 233 1938 Omnes
280 1896 464 1938 omnino
509 1896 738 1940 Iustorum
786 1896 1054 1940 afflictiones
1097 1900 1203 1938 sunt
1241 1894 1439 1938 Vltiones
1476 1896 1766 1950 peccatorum

63 1968 278 2025 ipsorum,
322 1968 441 2011 vnde
480 1968 563 2010 Iob
602 1973 646 2010 et
685 1970 922 2026 Martyres,
971 1983 1084 2024 quae
1128 1966 1249 2024 passi
1291 1970 1412 2019 sunt,
1456 1969 1640 2022 propter
1686 1977 1766 2005 sua

63 2043 251 2096 peccata
282 2039 403 2096 passi
435 2044 553 2082 sunt.
616 2040 758 2082 Nemo
789 2044 964 2097 praeter
997 2038 1228 2081 Christum
1267 2042 1333 2079 est
1373 2037 1541 2092 absque
1581 2039 1765 2092 peccato

65 2109 294 2166 originali,
328 2109 436 2152 hinc
457 2111 604 2152 Beata
624 2111 765 2166 Virgo
797 2116 976 2154 mortua
997 2115 1064 2152 est
1083 2114 1263 2167 propter
1281 2113 1515 2166 peccatum
1540 2122 1594 2149 ex
1617 2106 1765 2148 Adam

66 2185 360 2235 contractum,
383 2196 625 2238 omnesque
649 2182 744 2224 eius
767 2182 1031 2225 afflictiones
1051 2182 1100 2223 in
1120 2181 1206 2223 hac
1228 2180 1337 2235 vita,
1360 2179 1477 2221 sicut
1498 2183 1542 2220 et
1574 2177 1764 2219 aliorum

64 2251 300 2307 iustorum,
327 2252 512 2295 fuerunt
549 2253 745 2296 vltiones
783 2253 957 2311 peccati
995 2252 1185 2295 actualis
1222 2251 1296 2295 vel
1336 2249 1585 2306 originalis.
1649 2249 1765 2291 Con-

65 2323 340 2380 cupiscentia
370 2323 419 2366 in
457 2325 638 2380 renatiS,
678 2326 866 2383 relapsis
904 2326 953 2368 in
990 2331 1226 2383 peccatum
1266 2323 1469 2376 mortale,
1511 2321 1560 2363 in
1600 2320 1764 2377 quibus

63 2393 156 2436 iam
187 2394 448 2437 dominatur
478 2401 724 2452 peccatum,
758 2402 824 2439 est
855 2397 972 2439 sicut
1004 2401 1049 2438 et
1079 2396 1155 2452 alij
1188 2395 1373 2438 habitus
1404 2392 1548 2450 praui.
1612 2392 1765 2433 Motus

62 2464 194 2521 praui
226 2466 615 2522 concupiscentiae
654 2472 771 2521 sunt,
811 2482 891 2525 pro
933 2471 1055 2509 statu
1092 2466 1290 2509 hominis
1332 2464 1500 2519 vitiati,
1542 2461 1764 2521 prohibiti

62 2540 317 2593 praecepto:
373 2537 479 2579 Non
510 2539 816 2595 concupisces3
849 2538 970 2581 vnde
1000 2537 1136 2580 homo
1163 2552 1237 2580 eos
1260 2537 1457 2579 sentiens
1479 2539 1524 2576 et
1547 2549 1640 2576 non
1660 2548 1764 2575 con-

64 2606 259 2649 sentiens
305 2608 638 2663 transgreditur
683 2614 989 2667 praeceptum:
1051 2610 1156 2652 Non
1203 2607 1502 2665 concupisces,
1555 2603 1764 2662 quamuis

64 2677 359 2733 transgressio
390 2678 440 2720 in
474 2685 709 2735 peccatum
746 2695 838 2723 non
877 2681 1130 2739 deputetur.
1193 2680 1407 2731 Quandiu
1446 2678 1621 2735 aliquid
1659 2690 1762 2720 con-

66 2749 369 2805 cupiscentiae
402 2751 596 2793 carnalis
627 2751 677 2793 in
708 2751 928 2807 diligente
959 2756 1039 2806 est,
1072 2766 1165 2794 non
1195 2751 1308 2795 facit
1338 2754 1649 2809 praeceptum:
1683 2746 1763 2790 Di-

65 2819 179 2875 liges
210 2820 457 2862 Dominum
488 2821 634 2864 Deum
665 2827 797 2865 tuum
835 2839 890 2866 ex
926 2828 1024 2866 toto
1061 2825 1193 2867 corde
1229 2828 1322 2867 tuo.
1366 2825 1372 2880 Ι
1417 2822 1760 2866 Satisfactiones
1780 2844 1810 2868 1³-
1830 2834 1875 2859 6⁴·

64 2889 313 2932 laboriosae
344 2890 689 2935 iustificatorum
720 2908 812 2936 non
843 2895 1000 2937 valent
1029 2895 1207 2953 expiare
1239 2896 1293 2937 de
1325 2895 1550 2950 condigno
1571 2909 1763 2952 poenam

65 2961 357 3017 temporalem
399 2966 645 3004 restantem
686 2968 787 3020 post
831 2965 1011 3022 culpam
1054 2965 1369 3008 condonatam.
1437 2965 1762 3008 Immortalitas

67 3031 201 3088 primi
232 3032 428 3075 hominis
459 3047 551 3075 non
583 3038 677 3076 erat
698 3035 871 3091 gratiae
896 3036 1178 3093 beneficium,
1210 3037 1287 3080 sed
1305 3037 1526 3080 naturalis
1547 3035 1760 3078 conditio.
