2148 3402
291 175 334 210 R.
361 180 407 211 st.
436 177 535 211 1586.
587 177 792 221 Disciplina
817 182 854 213 et
879 179 1010 222 pietas.
1062 178 1213 213 Scholae
1242 180 1402 214 Gramm.
1430 185 1467 215 et
1492 181 1597 215 Hnm.
1712 173 1793 214 183

93 295 467 352 inquisitionibus
498 301 542 338 et
569 296 762 352 flagellis
784 296 961 338 scholae
981 296 1230 339 reddantur
1248 296 1453 338 infames.
1500 300 1594 341 Nec
1616 301 1794 356 publice

90 367 285 423 puniant
302 367 480 422 flagitia
500 368 719 423 quaedam
741 367 992 422 secretiora,
1026 368 1102 409 sed
1134 367 1371 424 priuatim:
1407 373 1498 422 aut,
1532 370 1569 411 si
1600 372 1791 427 publice,

92 438 203 480 alias
234 438 485 481 obtendant
516 454 693 493 causas,
726 443 769 481 et
800 438 910 481 satis
942 443 1008 480 est
1039 453 1131 493 eOS,
1165 440 1243 495 qui
1274 440 1552 496 plectuntur,
1592 444 1793 486 conscios

91 524 184 552 esse
215 524 463 552 causarum.

233 584 273 626 9.
308 581 569 624 Curandum
603 581 785 624 tandem
817 585 943 636 esset,
976 586 1029 624 vt
1060 582 1115 623 D.
1138 582 1310 624 Mariae
1331 582 1648 625 Annuntiatae
1677 586 1792 627 Con-

90 653 295 708 gregatio
334 668 389 694 ex
421 653 629 695 Romano
663 653 868 708 Collegio
911 653 960 694 in
999 653 1173 709 reliqua
1211 659 1499 710 propagetur.
1574 656 1793 699 Continet

90 724 211 766 enim
243 724 431 766 mirifice
464 724 767 766 adolescentes
798 724 847 765 in
879 723 1026 766 officio
1059 729 1103 766 et
1124 725 1393 767 Nostrarum
1427 726 1681 768 scholarum
1715 727 1793 769 bo-

88 811 198 837 num
237 795 418 837 odorem
457 796 506 837 in
544 799 690 837 totam
722 796 857 852 plane
889 795 1122 837 ciuitatem
1155 796 1384 838 diffundit.
1446 797 1517 839 Ad
1551 813 1646 839 eam
1682 813 1790 840 vero

90 867 500 921 Congregationem
543 866 772 909 alliciendi
810 871 958 909 essent
998 867 1269 922 Academia,
1314 868 1363 910 in
1408 884 1495 924 qua
1529 870 1790 925 Congrega-

88 939 225 981 tionis
257 938 430 980 alumni
462 938 511 980 in
544 938 837 995 disputando,
879 938 927 979 in
959 937 1236 995 re[petendo,
1275 940 1324 981 in
1355 941 1655 996 praelegendo
1688 941 1790 983 dili-

87 1014 246 1064 genter
283 1015 592 1052 exerceantur:
643 1025 693 1052 66
743 1014 979 1066 propterea
1016 1009 1253 1052 retinenda
1292 1011 1475 1053 videtur
1512 1016 1646 1054 vetus
1687 1028 1790 1055 con-

87 1080 301 1135 suetudO,
340 1085 392 1123 vt
423 1081 480 1123 ad
512 1080 807 1123 Academiam
839 1096 932 1123 non
963 1085 1259 1137 cooptentur,
1299 1082 1386 1123 nisi
1419 1083 1497 1138 qui
1531 1083 1789 1139 Congrega-

86 1152 201 1194 tioni
239 1167 404 1194 nomen
439 1152 665 1194 dederint:
717 1152 847 1194 Illius
889 1152 1007 1194 enim
1048 1152 1229 1209 proprio
1269 1157 1489 1209 tanquam
1529 1154 1696 1210 pabulo
1730 1155 1788 1197 ad

85 1224 202 1266 hanc
234 1224 382 1266 solent
414 1224 616 1266 inuitari.
678 1223 801 1266 Illud
834 1239 940 1266 vero
973 1224 1395 1279 commendandum,
1436 1240 1492 1266 ne
1527 1226 1786 1282 Congrega-

84 1295 222 1337 tionis
262 1296 336 1338 vel
367 1295 638 1338 Academiae
677 1295 1022 1338 exercitationes
1052 1295 1168 1338 fiant
1199 1311 1250 1338 60
1282 1300 1501 1353 tempore,
1550 1312 1638 1353 quo
1684 1313 1787 1340 con-

85 1366 235 1408 ciones
275 1382 483 1410 sacraeve
518 1367 733 1410 lectiones
771 1367 997 1409 habentur
1034 1366 1084 1408 in
1132 1368 1314 1423 templo.
1383 1368 1560 1410 Harum
1606 1383 1787 1425 nanque

83 1436 234 1480 fructu
265 1439 553 1494 priuarentur
585 1438 813 1480 auditores
844 1438 1007 1480 nostri:
1042 1438 1278 1495 Templum
1312 1454 1490 1495 quoque
1512 1444 1607 1481 tam
1629 1441 1786 1482 multis

83 1508 350 1565 spoliaretur
380 1509 677 1552 auditoribus.

462 1864 641 1929 Fines
687 1866 868 1944 atque
914 1866 1397 1931 Exercitationes

348 1963 636 2012 Scholarum
674 1963 1032 2013 Grammaticae
1072 1969 1120 2013 et
1158 1964 1503 2014 Humanitatis.

224 2080 583 2123 Constitutiones
600 2085 640 2125 4.
657 2082 782 2123 Part.
802 2082 908 2138 Gap.
930 2084 997 2125 13.
1017 2082 1069 2124 Β.
1095 2087 1306 2125 statuunt
1331 2088 1420 2126 tres
1451 2099 1544 2125 esse
1576 2089 1784 2141 oportere

81 2151 413 2194 Grrammaticae
450 2152 609 2194 classes
641 2152 889 2208 ordinarie,
928 2161 1139 2209 quartam
1168 2155 1504 2197 Humaniorum
1535 2157 1781 2211 literarum,

81 2223 288 2279 quintam
305 2222 587 2265 Rhetoricae.
637 2223 726 2265 Sed
746 2223 852 2279 quia
870 2224 1281 2268 Grammaticorum
1304 2242 1517 2269 numerus
1535 2228 1783 2284 plerunque

79 2294 222 2336 maior
243 2298 322 2346 est,
354 2309 490 2349 quam
522 2295 601 2349 qui
632 2294 778 2336 tribus
810 2295 1027 2337 classibus
1059 2298 1277 2353 capiatur,
1311 2298 1391 2340 vbi
1411 2298 1459 2341 id
1481 2299 1780 2355 contingeret,

79 2364 333 2407 concedunt
393 2365 628 2421 quanlibet
676 2381 815 2408 vnam
865 2382 920 2408 ex
969 2367 1115 2410 tribus
1166 2369 1503 2411 Grammaticae
1563 2370 1781 2413 classibus

79 2436 224 2478 diuidi
263 2451 390 2493 posse
426 2437 475 2478 in
514 2437 663 2479 (11163.1
733 2438 999 2480 Cuiusmodi
1038 2438 1202 2480 (11111310
1240 2439 1278 2480 31
1316 2440 1599 2496 instituatur,
1648 2446 1782 2484 erunt

79 2523 155 2549 sex
187 2508 361 2562 classes,
393 2523 470 2549 seu
501 2507 641 2550 trium
675 2509 886 2550 classium
917 2524 993 2551 sex
1025 2510 1217 2565 ordineS,
1248 2526 1428 2567 nempe:

80 2590 275 2647 [Primae
296 2591 448 2632 classis
469 2591 671 2647 superior
691 2592 828 2647 ord0.]
937 2593 1133 2650 [Primae
1157 2593 1309 2635 classis
1329 2594 1516 2637 inferior
1537 2597 1677 2654 orda]

81 2661 327 2716 [Secundae
348 2662 501 2704 classis
522 2662 724 2719 superior
745 2663 884 2719 ordo]
932 2663 1181 2718 [Secundae
1203 2665 1356 2707 classis
1377 2666 1564 2709 inferior
1583 2668 1722 2723 orda]

81 2731 276 2789 [Tertiae
299 2733 452 2775 classis
472 2735 675 2789 superior
694 2734 768 2775 ord
777 2736 831 2789 o.]
932 2735 1127 2790 [Tertiae
1149 2735 1302 2777 classis
1322 2736 1509 2779 inferior
1531 2739 1673 2796 ordo.]

220 2817 280 2858 Et
325 2816 374 2857 in
418 2816 571 2857 Tertia
620 2817 805 2872 quidem
854 2818 994 2859 classe
1044 2818 1313 2874 explicanda
1366 2824 1472 2861 sunt
1522 2821 1780 2862 rudimenta

80 2886 425 2929 Grammaticae.
477 2887 532 2928 In
555 2887 761 2930 Secunda
792 2888 926 2930 breue
952 2893 997 2930 et
1016 2888 1149 2931 facile
1171 2888 1486 2946 compendium
1511 2892 1778 2948 SyntaerS.

79 2956 134 2998 In
165 2957 320 3000 Prima
359 2957 565 2999 absoluta
606 2962 651 3000 et
680 2958 882 3015 perfecta
913 2960 1143 3016 SyntaxiS.
1207 2961 1317 3002 Bini
1353 2977 1459 3004 Vero
1498 2963 1688 3016 ordines,
1729 2962 1778 3003 in

240 3087 250 3107 ¹
278 3087 464 3123 Demnach
494 3088 713 3130 successive,
738 3088 841 3124 nicht
865 3090 1041 3135 parallele
1067 3091 1226 3136 Teilung
1252 3091 1316 3127 der
1340 3092 1508 3128 Klassen.

1813 969 1827 991 μ
1852 961 1913 987 271.

1805 1916 1832 1938 p.
1846 1908 1906 1933 272.
