2143 3462
347 186 432 230 306

534 194 644 230 Ratio
673 193 879 230 studiorum
907 196 944 228 et
970 188 1226 229 institutiones
1253 190 1494 228 scholasticae
1520 189 1718 228 Societatis
1745 186 1768 227 J
1772 203 1836 229 esu
1860 186 1899 228 ῘῘ

63 324 81 344 Α
106 321 213 351 quibus
235 322 346 349 quaest.

92 357 311 379 abstinendum.

494 316 539 362 9.
602 316 668 358 Ut
714 319 866 357 autem
909 314 1087 356 facilius
1133 314 1181 355 in
1220 312 1469 368 Theologia
1515 311 1781 354 scholastica
1826 313 2085 369 hujusmodi

346 402 609 445 progressus
641 386 826 441 faciant,
860 401 940 442 par
972 390 1059 439 est,
1099 390 1151 427 ut
1191 400 1217 427 a
1257 383 1527 439 quibusdam
1559 397 1707 424 rerum
1739 384 1977 439 generibus
2010 385 2086 426 ab·

346 460 565 511 stineant,
615 458 763 513 quoad
811 457 903 513 ejus
941 457 1038 498 fieri
1076 456 1253 513 poterit.
1317 455 1435 497 Sunt
1482 457 1632 496 autem
1678 454 1727 495 in
1779 455 1936 511 primis
1976 455 2087 497 haec

352 533 564 585 quatuor:

491 604 528 653 ἓ.
564 606 600 644 1.
665 600 822 643 Unum
855 613 997 655 genus
1039 599 1323 654 quaestiones
1364 602 1444 639 aut
1480 597 1882 639 commentationes
1913 597 2090 640 divina-
2138 595 2139 598 ¹

348 686 449 713 rum
482 671 819 728 Scripturarum
851 669 1055 726 proprias
1087 669 1420 726 coinplectitur;
1455 668 1536 710 has
1569 668 1820 711 concedant
1851 669 2089 726 interpreti

349 743 700 799 Scripturarum.

491 816 526 865 ξ.
562 818 600 857 2.
663 813 872 855 Alterum
904 827 1046 867 genus
1077 811 1125 853 in
1158 811 1476 854 controversiis
1508 811 1722 854 adversus
1744 811 1992 853 haereticos
2013 825 2091 868 po—

349 885 486 926 situm
518 888 597 938 est,
630 884 678 925 in
711 883 875 938 quibus
907 883 1251 938 pertractandis,
1286 883 1462 938 quoties
1495 882 1542 924 in
1576 883 1621 924 S.
1654 882 1852 924 Thomae
1884 883 2090 940 partibus

350 956 639 1009 occurrerint,
672 958 853 996 servent
885 953 1198 996 scholasticam
1230 954 1380 1011 potius
1410 969 1545 1009 quam
1578 954 1839 996 historicam
1871 954 2091 996 rationem

350 1031 394 1068 et
425 1028 534 1068 satis
566 1041 657 1067 esse
689 1029 864 1082 putent,

356 1100 487 1140 1599:
559 1096 893 1139 conclusionem
955 1096 1376 1151 q11amlibet11832:
1418 1096 1505 1137 nisi
1539 1096 1821 1151 quaestiones
1852 1096 1997 1138 fusius
2029 1111 2094 1137 es-

354 1169 529 1210 duobus
562 1173 642 1210 aut
673 1168 820 1209 tribus
850 1167 993 1208 firmis
1025 1163 1340 1230 munireksent
1386 1168 1652 1209 tractandae
1697 1182 1779 1224 pro
1826 1168 2092 1210 necessitate

69 606 86 627 Α
114 610 136 627 s.
158 603 326 633 Scripturae

133 640 275 670 propriis.

66 820 83 840 Α
108 816 328 841 controversiis.

353 1239 684 1292 fundamentis3
726 1266 768 1271 -«
1220 1243 1495 1314 ,temporum
1528 1244 1574 1281 et
1610 1239 1834 1294 locorum,
1874 1240 2094 1282 conclusi-

615 1311 617 1313 ’
1220 1322 1379 1352 Ι01111111
1411 1311 1663 1366 quamlibet
1694 1310 1871 1352 duobus
1903 1314 1983 1352 aut
2013 1310 2094 1352 tri-

1245 1381 1325 1423 bus
1342 1382 1484 1423 firmis
1498 1383 1675 1424 munire
1692 1381 2004 1424 fundamentis
2015 1398 2024 1436 3
2037 1409 2090 1413 —-

356 1455 528 1496 diluere
560 1455 697 1495 etiam
731 1453 922 1495 totidem
955 1453 1045 1494 fere
1079 1453 1346 1509 praecipuas
1378 1453 1705 1495 haereticorum
1739 1453 2010 1507 calumnias,
2044 1453 2093 1495 in

356 1526 549 1581 singulis
591 1530 745 1566 tamen
787 1525 992 1566 indicent
1023 1529 1253 1566 auctorem
1286 1524 1498 1581 aliquem,
1547 1540 1601 1566 ex
1644 1539 1732 1580 quo
1773 1528 1949 1566 caetera
1993 1539 2093 1581 pro*
2138 1576 2139 1581 ¹

357 1612 477 1639 mere
509 1596 649 1652 possit
682 1597 759 1652 qui
791 1596 919 1639 velit.

74 1671 341 1703 A¹>ffl¹0³‘’¹¹¹¹'·¹'¹³·
500 1674 536 1722 ξ.
570 1672 610 1712 3.
662 1669 717 1709 In
748 1670 884 1710 tertio
918 1682 1080 1723 genere
1124 1672 1230 1709 sunt
1277 1667 1617 1724 philosophicae
1664 1682 1746 1721 res,
1795 1682 1906 1722 quas
1952 1666 2094 1708 haud-

358 1755 582 1796 quaquam
620 1754 673 1780 cx
706 1740 918 1781 instituto
950 1743 1162 1793 tractent,
1209 1754 1291 1781 nec
1332 1743 1425 1780 tam
1465 1739 1710 1796 disputent,
1758 1753 1894 1794 quam
1928 1738 1999 1781 vel
2034 1739 2092 1780 ab

359 1813 459 1854 aliis
492 1812 565 1854 vel
598 1827 623 1852 a
654 1826 699 1851 se
733 1812 982 1868 explicatas
1015 1814 1239 1868 promant.

148 1913 168 1934 Α
193 1910 311 1934 casibus

131 1947 337 1971 consvieutine.

2038 1905 2093 1946 In

362 1995 449 2035 quo
482 1979 770 2033 generalibus
810 1978 1078 2034 quibusdam
1111 1992 1257 2019 rerum
1292 1978 1529 2020 moralium
1562 1977 1807 2034 principiis,
1847 1977 1901 2018 de
1933 1976 2096 2032 quibus

361 2051 582 2108 disputari
621 2050 896 2105 Theologico
944 2063 1064 2090 more
1112 2049 1240 2104 solet,
1288 2049 1489 2090 contenti
1539 2049 1823 2090 subtiliorem
1870 2049 1997 2090 illam
2044 2063 2095 2089 ac

501 1912 538 1960 ξ,
572 1911 612 1951 4.
667 1907 741 1948 Ad
784 1911 994 1962 quartum
1035 1920 1176 1961 genus
1221 1906 1450 1961 pertinent
1490 1905 1795 1948 conscientiae
1836 1920 1975 1947 casus.

362 2122 653 2164 minutiorem
684 2125 973 2178 praetereant
1005 2136 1189 2162 casuum
1221 2121 1582 2177 explicationem.

155 2196 262 2220 Eum-m
287 2204 341 2219 non

185 2234 325 2256 iteranda.

510 2193 584 2239 10.
619 2194 666 2234 Si
712 2193 892 2248 quando
936 2192 981 2234 S.
1014 2193 1210 2234 Thomas

362 2266 547 2307 eandem
601 2264 915 2306 difficultatem
964 2263 1012 2304 in
1061 2264 1211 2319 plures

363 2336 578 2378 distrahit
643 2335 877 2387 articulos,
946 2334 1209 2391 praesertim

361 2409 641 2449 diversarum
660 2407 986 2462 quaestionum,
1010 2421 1066 2447 ne
1090 2406 1209 2447 idem

363 2480 537 2521 duobus
569 2483 802 2534 repetatur
834 2478 962 2530 locis,
998 2481 1212 2533 poterunt

362 2552 434 2592 Vel
468 2551 513 2591 in
548 2566 683 2591 unam
718 2549 1091 2605 disputationem,
1139 2548 1210 2589 vel

363 2623 511 2675 etiam,
545 2622 580 2661 si
615 2636 684 2662 res
718 2622 815 2676 ipsa
847 2620 1097 2674 longiorem
1119 2634 1211 2660 non

364 2693 518 2747 exigat
540 2692 901 2748 explicationem,
932 2691 977 2731 in
1002 2705 1210 2746 compen-

363 2764 487 2805 ‹lium
521 2764 733 2804 articulos
766 2763 867 2804 illos
905 2762 1119 2817 redigere,
1161 2765 1211 2802 ut

878 2834 925 2874 in
989 2833 1209 2887 (latalogo

1133 2903 1210 2944 ad-

359 2978 538 3032 juncto3
590 2976 720 3017 modo
758 2975 869 3016 nihil
910 2978 1208 3031 praetereant,

364 2835 573 2876 distincte
642 2835 817 2876 dicetur

363 2905 676 2961 quaestionum
730 2904 850 2945 hisce
901 2904 1069 2959 regulis

364 3048 483 3103 quod
515 3048 562 3089 in
602 3047 804 3089 articulis
835 3047 1027 3101 singulis
1060 3046 1208 3087 obser-

364 3119 547 3162 vatione
579 3119 768 3174 dignum
801 3118 873 3158 sit.

1337 2192 1413 2237 10.
1466 2192 1515 2233 Si
1556 2191 1736 2247 quando
1777 2191 1932 2233 eadem
1964 2205 2097 2246 quae-

1249 2264 1335 2304 stio
1387 2263 1443 2305 ad
1483 2263 1634 2305 varios
1679 2262 1939 2317 theologiae
1983 2266 2097 2304 trac-

1247 2339 1370 2377 tatus
1400 2335 1622 2391 pertinere
1658 2337 1821 2390 potest,
1862 2333 2097 2389 inquirant

1249 2406 1417 2459 sedulO,
1452 2421 1510 2447 an
1541 2405 1728 2447 fortasse
1763 2420 1827 2459 ea,
1861 2419 1976 2460 quae
2008 2403 2096 2446 sibi

1247 2478 1326 2518 illo
1360 2492 1478 2518 anno
1510 2476 1558 2517 in
1597 2476 1688 2518 suis
1726 2475 1994 2518 tractatibus
2034 2475 2097 2517 lo-

1250 2563 1349 2589 cum
1383 2547 1547 2588 habere
1579 2562 1706 2604 posse
1739 2547 1964 2599 videatur,
1999 2546 2096 2602 jam

1228 2620 1359 2660 {alias
1401 2618 1686 2660 auditoribus
1725 2619 1816 2659 suis
1856 2617 1904 2658 in
1937 2617 2094 2659 eodem

1249 2705 1379 2730 cursu
1413 2689 1616 2746 exposita
1648 2688 1807 2742 fuerit,
1841 2702 1897 2728 ne
1928 2687 2095 2743 pluries

1248 2761 1402 2802 eadem
1451 2776 1552 2801 cum
1598 2760 1858 2801 auditorum
1910 2758 2095 2800 fastidio

1248 2847 1298 2873 ac
1330 2832 1545 2888 temporis
1572 2831 1753 2886 jactura
1784 2834 2064 2886 repetantur.
