2143 3462
267 1181 366 1212 p.25e

394 180 479 227 174
593 190 703 230 Ratio
730 189 934 230 studiorum
960 199 998 230 et
1023 188 1278 231 institutiones
1303 188 1542 230 scholasticae
1566 191 1765 232 Societatis
1790 192 1879 232 Jesu
1902 190 1942 231 11

391 312 578 354 sabbato
609 312 772 355 Vltima
803 312 1075 355 semihorula
1113 313 1291 355 scholae
1323 312 1657 369 pomeridianae
1688 328 1804 355 Vnus
1835 313 2084 355 Rhetorum

391 382 564 438 aliquid
601 397 693 424 non
731 387 823 425 tam
866 383 1037 425 celebre
1077 384 1125 424 in
1165 398 1245 425 sua
1290 383 1429 425 classe
1468 383 1708 437 declamet,
1757 384 1913 425 eodem
1947 384 2084 426 etiam

391 454 765 496 conuenientibus
796 454 1098 496 Humanistis:
1151 457 1364 510 sequente
1404 468 1510 496 vero
1549 454 1737 496 sabbato
1771 457 1965 510 (praeter
1996 459 2084 496 tres

391 529 642 580 quatuorue
673 526 842 582 primos
875 525 983 566 anni
1013 540 1199 580 menses,
1239 540 1342 567 cum
1374 525 1675 567 Humanistae
1708 525 1854 567 adhuc
1884 525 2085 567 rudiores

389 598 514 652 sunt)
545 596 744 638 vicissim
783 611 900 639 vnus
932 596 1307 637 Humanistarum
1350 596 1469 637 idem
1509 601 1705 652 praestet
1735 597 1783 638 in
1816 597 1954 638 classe
1984 597 2082 638 Hu-

389 667 627 709 manitatis
659 667 968 724 praesentibus
989 666 1287 710 Rhetoribus:
1320 666 1455 722 idque
1488 682 1539 708 ea
1569 666 1692 721 hora,
1726 681 1813 721 qua
1846 671 2084 708 consuetae

388 738 623 794 Vtriusque
655 738 808 779 classis
841 737 1163 794 explicationes
1194 752 1284 779 non
1316 737 1635 794 impediantur.
1697 738 1835 779 Porro
1868 737 2083 793 quicquid

388 809 437 850 in
476 809 628 851 schola
668 808 885 866 priuatim
916 808 988 850 vel
1019 808 1198 864 publice
1230 809 1279 850 in
1312 809 1415 850 aula
1446 808 1674 865 temploue
1706 808 1993 863 declamatur,
2027 808 2082 850 ab

387 895 459 935 eo,
508 881 584 936 qui
617 880 860 934 declamat,
912 883 1090 935 oportet
1123 894 1214 921 esse
1248 880 1576 936 conscriptum,
1616 879 1703 921 nisi
1745 879 1864 934 quod
1901 879 2083 935 publica

388 950 657 992 declamatio
689 965 716 991 a
745 951 1038 1006 Praeceptore
1069 954 1200 992 tanto
1232 951 1484 993 accuratius
1516 950 1798 992 emendanda
1829 954 1909 1005 est,
1942 954 1994 993 vt
2026 950 2081 992 ab

389 1035 439 1063 eo
471 1037 582 1078 pene
612 1020 815 1078 profecta
846 1020 1068 1063 videatur.
1130 1022 1192 1063 Et
1222 1022 1407 1078 quidem
1440 1022 1496 1064 ad
1527 1021 1903 1063 hebdomadarias
1935 1021 2083 1063 decla-

388 1092 608 1134 mationes
630 1091 895 1149 Philosophi
917 1097 961 1133 et
982 1092 1200 1149 Theologi
1234 1108 1325 1135 non
1356 1093 1571 1136 videntur
1601 1093 1805 1149 cogendi,
1838 1092 1956 1148 quod
1987 1096 2082 1134 tam

390 1163 598 1219 frequens
627 1163 892 1205 exercitatio
922 1166 926 1216 Ι
954 1163 1224 1206 Rhetoricae
1257 1169 1302 1205 et
1324 1165 1637 1206 Humanitatis
1669 1164 1952 1206 auditoribus
1982 1178 2082 1220 pro-

387 1234 487 1290 pria
521 1233 754 1288 videatur,
796 1238 843 1276 at
884 1235 1071 1276 caeteris
1109 1235 1473 1291 perincommode
1505 1235 1692 1278 cederet.
1756 1235 1930 1284 Quibus
1961 1234 2080 1276 enim

362 1305 545 1347 ‘diebus
575 1309 670 1347 tam
701 1305 854 1347 crebro
887 1305 1233 1348 declamandum
1265 1307 1359 1348 est‘?
1419 1307 1538 1349 Nam
1570 1307 1608 1348 si
1638 1307 1687 1348 in
1718 1306 1864 1361 festis,
1898 1310 2082 1362 quotus-

262 2883 364 2915 p.257.

387 1376 574 1432 quisque
613 1376 904 1418 conueniret?
955 1377 1025 1418 sin
1062 1377 1110 1418 in
1142 1377 1213 1420 die
1244 1378 1513 1433 lectionum,
1552 1378 1637 1420 hoc
1669 1392 1805 1434 penso
1836 1377 2080 1419 hebdoma-

386 1447 512 1489 dario
534 1447 729 1490 multum
749 1448 957 1490 omnibus
979 1448 1196 1491 classibus
1218 1449 1464 1503 decederet,
1487 1449 1771 1506 praesertim*
1792 1448 2080 1504 Philosophis

388 1523 433 1559 et
464 1518 725 1574 Theologis:
773 1523 904 1561 tanto
935 1519 1104 1575 magis,
1143 1521 1181 1561 si
1213 1520 1357 1563 oratio
1390 1521 1450 1562 sit
1480 1520 1614 1578 paulo
1656 1520 1854 1576 longior,
1897 1534 2004 1561 nam
2041 1518 2080 1560 si

386 1589 518 1632 valde
556 1590 727 1645 breuis,
775 1590 889 1632 nihil
929 1591 1098 1647 egregij
1131 1591 1332 1648 polliceri
1374 1596 1534 1649 potest.
1596 1591 1713 1633 Item
1743 1590 2078 1632 incommodum

386 1660 471 1702 erit
492 1660 763 1702 Rhetoricae
786 1662 1086 1718 Praeceptori,
1118 1667 1211 1705 tam
1244 1664 1410 1705 multas
1432 1668 1615 1719 tamque
1636 1663 1834 1704 diuersas
1855 1662 2078 1704 orationes

386 1736 590 1773 accurate
621 1731 813 1774 scribere
845 1733 917 1774 vel
950 1733 1195 1788 emendare,
1229 1749 1342 1790 quae
1373 1738 1613 1792 suppetant
1643 1734 1693 1776 in
1723 1733 1925 1790 singulas
1955 1733 2079 1775 Heb-

386 1800 621 1857 domadas,
655 1806 699 1844 et
729 1802 910 1859 publico
944 1809 1169 1847 conuentu
1201 1805 1365 1862 dignae
1397 1807 1506 1861 sint,
1547 1821 1650 1848 cum
1679 1806 1946 1863 praesertim
1975 1819 2078 1847 raro

385 1873 478 1914 sint
507 1878 603 1915 tam
634 1875 766 1916 multi
799 1874 986 1918 iuuenes
1017 1877 1262 1932 ingeniosi:
1310 1883 1356 1919 et
1394 1877 1556 1919 horum
1595 1878 1632 1918 si
1673 1876 1751 1932 qui
1787 1875 1937 1918 idonei
1973 1879 2079 1918 sunt

387 1945 445 1986 ad
477 1945 776 2000 scribendum,
807 1961 899 1989 non
921 1962 1096 2005 semper
1118 1949 1257 1991 etiam
1277 1948 1334 1990 ad
1365 1947 1775 2005 pronuntiandum:
1811 1951 1855 1989 et
1886 1947 1924 1989 si
1955 1962 2078 2004 prae-

385 2020 510 2058 stant
546 2018 937 2073 pronuntiatione,
981 2033 1309 2076 nonnunquam
1347 2034 1509 2077 parum
1546 2020 1702 2062 valent
1740 2018 1788 2060 in
1827 2018 2075 2074 scribendo,

384 2091 437 2128 vt
467 2091 590 2129 totus
620 2087 712 2130 fere
744 2088 873 2131 labor
901 2090 1075 2132 recidat
1105 2090 1154 2132 in
1185 2095 1321 2148 caput
1351 2090 1675 2148 Praeceptoris

526 2159 711 2201 Praeter
748 2159 829 2202 has
861 2161 1225 2204 Declamationes
1262 2162 1454 2205 illustris
1491 2162 1638 2204 adhuc
1671 2161 1864 2204 Oratio
1903 2161 1952 2204 in
1983 2165 2076 2203 stu-

386 2228 563 2271 diorum
595 2230 926 2274 instauratione
957 2232 1139 2289 publice
1170 2233 1508 2290 pronuntianda
1538 2237 1619 2288 est,
1651 2247 1764 2288 quae
1784 2247 1877 2275 non
1897 2231 2078 2275 videtur

386 2299 723 2357 demandanda,
763 2302 852 2344 nisi
882 2302 1210 2360 insignioribus
1240 2304 1501 2359 lectoribus,
1537 2308 1583 2345 et
1614 2303 1692 2359 qui
1724 2318 1804 2345 sua
1835 2303 2077 2345 autoritate

384 2371 479 2412 eius
509 2371 596 2413 loci
628 2377 673 2414 et
705 2374 919 2431 temporis
949 2374 1169 2432 impleant
1188 2376 1557 2433 expectationem.
1620 2374 1719 2424 Quo
1743 2375 1792 2417 in
1813 2390 1988 2431 genere,
2019 2390 2076 2417 ne

386 2443 628 2485 earundem
675 2458 824 2486 rerum
869 2445 1050 2488 iteratio
1093 2461 1170 2488 seu
1218 2446 1468 2489 similitudo
1508 2445 1658 2503 pariat
1698 2446 1973 2501 satietatem,
2019 2445 2076 2488 ad

385 2512 505 2554 idem
546 2520 863 2570 argumentum
900 2531 993 2559 non
1031 2517 1253 2573 redeatur,
1292 2517 1381 2559 nisi
1426 2521 1530 2574 post
1567 2517 1742 2574 aliquot
1781 2532 1935 2561 annos,
1997 2517 2077 2560 Di-

385 2584 576 2625 cendum
608 2590 675 2627 est
707 2586 850 2642 igitur
880 2602 1001 2629 nunc
1033 2587 1086 2629 de
1113 2588 1379 2630 educatione
1404 2602 1663 2645 puerorum:
1698 2603 1821 2631 nunc
1848 2589 1902 2632 de
1922 2588 2076 2631 lauda-

388 2653 469 2695 bili
490 2669 612 2697 more
630 2655 854 2699 fundandi
877 2659 1206 2701 Vniuersitates
1236 2660 1497 2706 litterarias:
1530 2675 1652 2703 nunc
1673 2660 1728 2703 de
1748 2660 2074 2717 coniungendis

385 2725 607 2782 sapientia
645 2731 689 2768 et
727 2728 919 2771 virtute:
967 2745 1090 2772 nunc
1130 2730 1183 2772 de
1220 2731 1387 2773 laboris
1426 2747 1478 2774 ac
1518 2731 1781 2788 diligentiae
1826 2731 2072 2787 fructibus3

385 2810 508 2838 nunc
538 2797 592 2839 de
624 2797 844 2841 bonorum
875 2800 1085 2843 laudibus
1116 2801 1391 2845 auditorum:
1431 2817 1552 2845 nunc
1583 2804 1637 2845 de
1667 2803 1880 2846 scientiae
1910 2804 2075 2846 doctri-

384 2881 556 2924 naeque
593 2883 728 2924 quam
765 2871 987 2929 maxilmis
1025 2872 1305 2915 vtilitatibus
1345 2878 1478 2930 atque
1519 2875 1814 2917 ornamentis:
1859 2890 1982 2918 nunc
2019 2874 2073 2917 de

385 2938 487 2981 aliis
515 2939 565 2981 id
594 2955 750 2995 genus.

527 3013 567 3055 5.
600 3011 756 3068 Neque
795 3011 1203 3057 declamationibus
1244 3015 1464 3058 habendis
1503 3017 1651 3073 modo,
1699 3017 1775 3060 sed
1820 3017 2073 3061 versibus

386 3080 521 3123 etiam
560 3083 907 3139 pronuntiandis
945 3089 1024 3126 aut
1063 3086 1242 3143 publice
1280 3086 1517 3142 affigendis
1555 3089 1740 3131 aluntur
1778 3088 1928 3131 studia
1967 3103 2072 3146 pue—
