2143 3462
232 1022 243 1079 ⁴·1.

247 1022 260 1037 εἴ

265 1020 279 1109 ,Ν

279 1021 297 1089 ,Ν

326 195 412 236 260
503 201 615 236 Ratio
642 199 847 235 studiorum
874 203 911 233 et
936 196 1196 232 institutiones
1222 190 1467 230 scholasticae
1494 189 1691 227 Societatis
1717 190 1808 225 Jesu
1833 188 1871 224 ΙΙ

1211 309 1457 367 signando,
1505 308 1616 364 quid
1662 311 1709 350 et
1753 309 1977 363 quantum
2014 304 2063 347 in

1212 381 1406 438 singulis
1425 379 1641 422 classibus
1661 377 1760 420 fieri
1790 377 1952 420 debeat
1981 390 2063 433 pro

1211 453 1453 510 regionum
1476 466 1528 493 ac
1551 454 1807 507 temporum
1827 448 2063 492 varietate.

295 630 299 633 -
471 570 551 617 24.
583 569 828 624 Perpetuos
867 562 1203 606 Grammaticae
1242 576 1293 603 ac
1332 559 1604 602 Rhetoricae
1641 556 1883 612 magistros
1930 568 2065 610 quam

328 646 476 700 potest
498 640 716 698 plurimos
743 641 885 694 paret.
938 634 992 677 Id
1024 638 1174 675 autem
1205 632 1297 686 fiet,
1332 631 1370 673 si
1399 633 1501 687 post
1533 629 1741 671 absoluta
1772 640 1956 669 casuum
1989 637 2068 674 auf,

328 714 464 756 etiam
496 710 770 765 Theologiae
813 706 963 749 studia
1001 705 1267 758 nonnullos,
1316 717 1428 758 quos
1467 700 1615 756 magis
1656 699 1705 741 in
1735 698 1821 740 hoc
1853 711 1988 753 quam
2018 695 2066 736 in

328 786 417 827 alio
450 797 633 826 munere
666 779 941 822 Societatem
967 775 1128 832 juvare
1159 790 1287 832 posse
1318 774 1368 815 in
1387 772 1585 815 Domino
1612 768 1900 827 judicaverit,
1932 767 1991 809 ad
2021 765 2068 807 id

330 861 509 898 strenue
541 852 737 909 applicet
765 849 1077 903 horteturque,
1119 851 1171 888 ut
1202 861 1247 888 se
1279 849 1398 887 totos
1430 844 1478 885 in
1510 847 1608 884 tam
1639 841 1836 883 salutare
1867 852 1979 895 opus
2011 836 2069 878 ob

331 927 477 981 majus
508 924 595 967 Dei
627 921 891 976 obsequium
923 917 1203 975 impendant.

476 1007 557 1054 ⁶25.
591 1004 801 1047 Proderit
823 1003 959 1044 etiam
981 1002 1031 1043 in
1053 1001 1150 1058 ipso
1173 998 1413 1043 Societatis
1444 998 1650 1054 ingressu
1682 994 1871 1049 aliquos,
1905 993 1982 1048 qui
2014 991 2072 1034 ad

164 1059 177 1074 a

179 1094 213 1109 θ’
237 1094 261 1109 '¹⁴
279 1093 295 1108 ¹·
334 1082 383 1123 id
415 1076 743 1122 accommodati
773 1074 1049 1127 viderentur,
1091 1071 1255 1127 quique
1287 1074 1474 1128 propter
1507 1071 1700 1110 aetatem
1730 1065 1803 1107 vel
1835 1063 2073 1120 ingenium

141 1881 300 1905 eximendi.

121 2392 159 2415 Ex
182 2398 268 2414 cursu

332 1153 379 1194 in
412 1148 697 1206 gravioribus
729 1145 891 1188 studiis
922 1142 1167 1201 profecturi
1198 1156 1291 1184 non
1329 1145 1500 1194 essent,
1538 1139 1625 1181 hac
1665 1135 1928 1179 conditione
1964 1133 2073 1175 reci-

333 1238 449 1281 pere,
482 1225 535 1263 ut
567 1220 709 1263 vitam
743 1232 870 1259 suam
901 1217 949 1257 in
981 1215 1052 1257 his
1084 1213 1227 1255 literis
1261 1212 1475 1254 docendis
1507 1210 1664 1253 divino
1690 1206 1903 1262 obsequio
1926 1205 2074 1247 dicare

334 1294 491 1337 velint.
544 1290 677 1341 Quod
708 1289 847 1331 etiam
878 1287 1119 1329 adnotetur
1151 1285 1199 1327 in
1229 1284 1346 1326 libro
1378 1281 1689 1326 Provincialis.
1752 1278 1817 1321 Hi
1847 1291 1969 1332 vero,
2001 1275 2075 1319 Vel

335 1371 440 1408 ante
471 1364 544 1407 Vel
582 1366 824 1420 postquam
856 1359 1030 1414 aliquot
1062 1371 1204 1399 annos
1236 1355 1489 1409 docuerint,
1528 1356 1664 1410 prout
1701 1351 1749 1392 in
1780 1348 1978 1392 Domino
2009 1346 2076 1388 vi-

336 1451 435 1479 sum
465 1434 615 1488 fuerit,
649 1430 821 1487 aliquid
853 1444 908 1471 ex
940 1427 1241 1471 conscientiae
1274 1426 1451 1469 casibus
1479 1425 1650 1481 (morali
1670 1422 1892 1475 theoloyia)
1923 1417 2077 1461 audire

337 1513 382 1549 et
416 1505 678 1549 Sacerdotes
711 1502 810 1545 fieri
842 1503 1070 1559 poterunt,
1105 1499 1162 1542 ad
1192 1498 1313 1540 idem
1345 1495 1538 1540 docendi
1570 1508 1736 1537 munus
1767 1489 2010 1543 reversuri3
2052 1502 2078 1529 a

338 1593 426 1635 quo
468 1592 561 1619 non
602 1578 921 1618 removeantur
963 1572 1058 1614 sine
1096 1570 1228 1626 gravi
1270 1584 1404 1612 causa
1435 1572 1481 1610 et
1511 1563 1860 1617 consultatione,
1892 1561 1980 1604 nisi
2011 1560 2079 1602 in·
2140 1581 2143 1587 ·

339 1649 517 1692 terdum
558 1648 614 1690 ob
656 1644 1047 1700 defatigationem,
1088 1645 1141 1684 ut
1180 1656 1271 1683 uno
1309 1646 1389 1683 aut
1424 1640 1565 1682 altero
1602 1650 1720 1679 anno
1757 1633 2079 1685 intermittant,

339 1720 629 1778 Praepositus
660 1716 964 1761 Provincialis
995 1713 1220 1757 statuerit.

480 1803 562 1850 26.
595 1801 852 1858 Discipulos
884 1799 1068 1842 interim
1099 1802 1276 1839 nostros
1308 1792 1611 1837 Provincialis
1642 1805 1669 1833 a
1700 1789 1901 1832 docenda
1924 1788 2081 1830 Gram-

339 1876 506 1918 matica
545 1874 618 1916 vel
662 1872 963 1915 Humanitate
999 1884 1091 1912 non
1130 1868 1320 1922 eximat,
1364 1865 1452 1907 nisi
1493 1863 1623 1905 aliter
1663 1861 1719 1903 ob
1764 1863 1961 1903 aetatem
1999 1861 2077 1900 aut

342 1948 478 1990 aliam
524 1946 748 1988 rationem
796 1941 1090 1986 statuendum
1136 1940 1185 1982 in
1221 1937 1419 1982 Domino
1457 1934 1679 1978 videatur.
1745 1933 1781 1986 [¹
1819 1928 2080 1973 Curandum

343 2025 514 2072 tamen,
562 2022 633 2072 ut,
682 2016 760 2072 qui
799 2015 974 2057 talenta
1014 2013 1071 2055 ad
1111 2008 1472 2053 concionandum
1511 2003 1776 2057 ostendunt,
1823 1998 2083 2058 praesertim

341 2091 524 2143 rariora,
558 2103 650 2131 non
683 2087 854 2130 diutius
887 2099 1023 2141 quam
1055 2097 1137 2140 par
1168 2086 1235 2124 est
1271 2082 1320 2122 in
1358 2077 1550 2121 docendi
1581 2088 1767 2118 munere
1799 2077 1895 2115 tam
1926 2071 2084 2114 huma-

341 2162 488 2203 niores
520 2160 694 2202 litteras
728 2172 863 2214 quam
895 2153 1231 2213 philosophiam
1264 2156 1308 2193 et
1337 2148 1615 2204 theologiam
1649 2144 1959 2196 detineantur3
2012 2156 2082 2196 ne,

345 2234 383 2275 si
405 2247 530 2274 secus
555 2231 648 2286 fiat,
682 2228 864 2286 quando
897 2228 946 2268 in
977 2226 1033 2268 iis
1065 2223 1227 2266 studiis
1259 2237 1371 2280 pene
1405 2216 1743 2270 consenuerint,
1775 2219 1873 2257 tum
1905 2213 2084 2255 demum
2142 2224 2143 2266 j

347 2304 403 2346 ad
436 2301 797 2347 concionandum
831 2298 1062 2341 accedant.

159 2390 326 2455 Μυόὶᾝζζᾱ
489 2386 561 2432 27.
593 2386 665 2428 Ex
702 2382 895 2439 singulis
933 2386 1085 2423 tamen
1126 2377 1329 2421 cursibus
1367 2374 1530 2430 seligat
1561 2370 1786 2426 singulos,
1833 2371 1912 2411 aut
1956 2366 2086 2408 binos

151 2470 171 2484 *¹
197 2470 201 2485 ¹
227 2462 304 2484 ¹¹¹0·
349 2464 558 2500 toi-nosve
591 2472 668 2498 seu
699 2455 849 2512 plures
881 2466 960 2510 pro
992 2463 1177 2493 numero
1211 2445 1551 2503 discipulorum,
1582 2442 1660 2498 qui
1685 2441 1789 2498 plus
1809 2438 1967 2482 ceteris
1986 2450 2087 2494 pro-

348 2529 511 2572 fecturi
542 2528 799 2581 videantur,
834 2539 947 2581 quos
979 2520 1254 2576 Theologiae
1287 2519 1438 2559 statim
1471 2513 1684 2572 applicet3
1727 2511 1891 2568 quibus
1921 2514 2086 2562 tamen,

349 2602 386 2643 si
418 2615 592 2642 necesse
624 2598 682 2640 sit
714 2597 786 2639 vel
819 2596 856 2638 si
887 2594 1110 2647 videatur,
1141 2590 1209 2633 uti
1241 2588 1423 2647 poterit,
1457 2584 1676 2628 absolutis
1705 2581 1867 2625 studiis
1887 2585 1932 2622 et
1953 2578 2087 2621 tertio

350 2686 468 2714 anno
513 2669 815 2727 probationis,
863 2666 920 2709 ad
958 2663 1205 2707 docendam
1247 2659 1382 2702 etiam
1427 2655 1784 2700 Grammaticam
1822 2667 1901 2695 seu
1939 2649 2089 2694 studia

351 2741 681 2784 Humanitatis.

212 2828 333 2886 '⁶⁷:32⁸
498 2823 578 2869 ⁶28.
612 2821 903 2875 Enitendum,
936 2823 987 2861 ut
1019 2816 1182 2859 scholis
1213 2827 1500 2870 nequaquam
1532 2808 1853 2868 praeficiantur
1884 2804 1962 2862 qui
1984 2803 2090 2846 Phi-

351 2895 614 2953 losophiam,
646 2894 683 2934 si
717 2908 814 2934 eam
848 2889 1049 2933 audituri
1082 2891 1207 2941 sunt,
1239 2884 1442 2927 nondum
1475 2881 1722 2933 audierint,
1755 2892 1857 2920 cum
1889 2875 1968 2932 qui
1993 2874 2089 2931 jam

355 2966 582 3010 audierint
613 2978 705 3006 non
737 2964 910 3005 desunt.

503 3122 511 3141 ¹
538 3120 612 3155 Der
638 3119 809 3163 folgende
837 3119 923 3152 Satz
952 3115 1075 3150 wurde
1102 3118 1210 3149 unter
1236 3111 1428 3156 Aquaviva
1455 3113 1532 3145 erst
1556 3107 1646 3143 nach
1675 3106 1763 3140 1599
1789 3103 2007 3147 beigesetzt.
