2148 3402
33 926 56 949 ῃ.

73 916 132 941 128.

148 260 206 304 ad
251 261 357 304 solis
403 276 620 304 occasum.
682 262 906 305 Videntur
955 262 1085 304 nobis
1116 266 1273 304 contra
1291 262 1293 301 Ι
1312 278 1425 318 quae

267 142 679 188 Eingeh.Beurteilung
704 142 769 179 der
793 142 836 178 R.
851 147 896 179 st.
922 143 994 179 und
1020 145 1237 180 Antworten
1262 144 1326 180 des
1352 145 1391 180 P.
1407 144 1608 188 Aquaviva.
1639 145 1763 191 1602s3
1794 135 1879 179 495

1493 279 1547 306 ex
1615 268 1878 321 sumptuum

149 331 266 374 hanc
312 332 518 389 regulam
563 332 725 374 merito
773 332 938 390 opponi
973 333 1167 390 plurima
1203 334 1272 375 in·
1311 334 1622 378 mediocritate
1639 340 1879 392 peteretur,

149 403 395 458 commoda,
443 418 557 459 quae
604 418 702 446 eam
749 404 1034 446 comitantur.

148 473 329 515 uidetur
375 474 594 516 seruanda
641 475 889 530 aequalitas
935 476 1171 532 temporis,
1222 479 1275 516 ut

148 549 361 601 appareat
391 545 579 599 iustitia,
617 571 667 576 —-
701 545 786 587 hac
822 545 998 588 ratione
1036 560 1167 602 saepe
1198 560 1276 601 po-

148 615 255 656 terit
285 615 394 669 fieri,
427 619 479 657 vt
508 615 642 671 longe
672 615 860 658 inferior
898 616 1103 658 doctrina
1135 616 1276 673 prori-

149 685 246 742 piat
276 685 523 742 praemium
565 685 767 728 omnium
809 686 1021 743 opinione
1057 687 1275 730 doctiori:

149 756 281 806 Quod
313 756 493 812 quidem
525 772 616 799 non
650 761 810 799 curant
840 758 1057 813 Romani,
1090 759 1166 801 sed
1196 774 1278 801 nos

154 842 347 883 aequum
392 832 458 869 est
500 842 674 882 curare,
719 828 836 870 sicut
872 834 1027 885 postea
1059 829 1245 872 dicetur.
1275 830 1278 887 Ι

152 898 239 939 Illa
269 898 410 940 nimia
441 899 702 955 protractio,
735 913 811 941 seu
832 899 1021 941 tarditas
1042 900 1193 957 potius
1215 905 1282 943 est

148 969 197 1011 in
228 968 342 1011 uitio
374 984 509 1025 quam
539 969 588 1011 in
618 969 750 1011 laude
781 970 1004 1026 ponenda,
1046 976 1281 1027 propterea

149 1043 214 1081 est
244 1039 434 1095 indigna
465 1039 678 1096 praemio.
741 1041 948 1095 Accedit,
981 1042 1101 1097 quod
1138 1042 1281 1084 nimia

149 1110 340 1153 tarditas
371 1115 517 1167 potest
549 1111 708 1153 merito
740 1111 893 1153 uenire
924 1112 972 1153 in
1003 1113 1281 1169 supicionem

148 1181 320 1223 fraudis
352 1182 556 1236 alicuius,
588 1197 642 1224 ex
675 1196 763 1238 quo
784 1184 1097 1225 contentiones
1124 1188 1169 1225 et
1190 1189 1282 1226 tur-

149 1252 232 1294 bae
253 1258 442 1309 possunt
463 1253 663 1308 excitari,
696 1258 789 1295 tam
813 1255 939 1309 [tum]
969 1253 1017 1296 in
1039 1254 1281 1311 scriptione

149 1338 230 1379 pro
251 1338 435 1365 ascensu
457 1328 627 1366 certum
647 1329 825 1381 tempus
847 1326 1150 1381 constituitur,
1174 1326 1281 1381 quia

149 1394 378 1437 iudicatur
409 1410 501 1437 esse
531 1396 831 1437 necessarium
871 1395 927 1437 ad
959 1395 1195 1438 ferendum
1227 1397 1281 1439 de

149 1466 355 1522 profectu
395 1466 627 1511 iudicium.
667 1481 773 1522 ergo
816 1467 973 1509 eodem
1013 1468 1147 1509 modo
1194 1467 1279 1522 hic,

150 1537 230 1580 vbi
260 1537 397 1578 etiam
427 1537 655 1594 profectus
687 1543 731 1578 et
753 1537 992 1593 diligentia
1012 1539 1153 1581 totius
1174 1539 1282 1580 anni

150 1612 357 1664 expectat
387 1608 649 1665 praemium,

293 1682 333 1723 6.
374 1683 418 1720 et
450 1683 489 1723 ’7.
553 1679 683 1728 Quod
722 1679 776 1721 de
816 1680 959 1735 signis
1001 1681 1281 1737 apponendis

151 1749 329 1805 dicitur,
362 1756 512 1807 posset
536 1766 641 1792 sane
664 1751 826 1805 omitti,
860 1751 966 1806 quia
993 1752 1129 1793 nimis
1150 1752 1282 1794 affec-

148 1825 298 1862 tatum
342 1826 385 1862 et
429 1822 598 1878 puerile
636 1821 837 1876 uidetur,
879 1823 1139 1878 praesertim
1179 1838 1281 1866 cum

150 1906 303 1933 omnes
333 1892 408 1934 hic
447 1893 634 1948 cupiant
673 1907 765 1934 non
804 1908 858 1934 ex
901 1894 998 1935 sola
1036 1894 1279 1950 scriptione

149 1963 348 2019 praemia
364 1962 596 2007 distribui:
621 1963 677 2005 ad
693 1963 802 2019 quid
816 1963 936 2005 enim
955 1968 1048 2005 tam
1071 1964 1279 2020 religiose

151 2033 285 2075 celari
317 2033 449 2075 debet
480 2048 646 2075 nomen
685 2034 944 2089 scribentis,
986 2035 1024 2076 si
1061 2036 1279 2078 iudicium

151 2119 205 2145 ex
235 2105 336 2146 aliis
367 2105 517 2159 etiam,
550 2109 724 2162 praeter
763 2105 1074 2162 scriptionem,
1106 2122 1281 2150 sumen-

152 2175 259 2217 dum
289 2177 387 2220 est?
448 2176 562 2218 Cum
593 2176 735 2232 igitur
766 2176 894 2218 labor
924 2176 983 2218 sit
1014 2192 1206 2233 magnus
1237 2184 1281 2220 et

151 2259 243 2287 non
272 2247 560 2302 necessarius,
592 2247 719 2304 pueri
751 2247 888 2289 etiam
919 2262 1011 2290 non
1041 2248 1282 2291 uideantur

152 2317 301 2373 digni;
335 2332 426 2360 non
457 2318 574 2360 enim
596 2319 752 2375 agitur
773 2319 826 2361 de
854 2318 1056 2376 imperio,
1089 2324 1133 2361 et
1153 2335 1279 2377 prae-

152 2391 244 2429 stat
275 2389 493 2431 omittere.

295 2461 335 2502 9.
397 2459 623 2502 Iudicium
655 2460 709 2502 de
740 2460 952 2517 praemio,
984 2460 1094 2503 haec
1123 2462 1281 2517 regula

154 2529 372 2584 decernit,
414 2530 485 2571 Ex
524 2531 618 2573 sola
655 2531 899 2588 scriptione
944 2532 1062 2574 sumi
1106 2533 1279 2588 debere,

155 2600 229 2642 cui
250 2614 403 2641 omnes
423 2607 691 2657 repugnant,
717 2603 983 2644 maturiores
1004 2604 1279 2660 praesertim,

154 2670 449 2726 intelligendo
480 2673 684 2727 regulam
716 2674 770 2715 de
800 2674 882 2715 illa
914 2673 1156 2730 scriptione
1187 2690 1282 2731 spe-

155 2741 272 2796 ciali,
306 2757 419 2797 quae
435 2742 488 2783 fit
503 2757 584 2799 pro
601 2745 819 2800 praemio;
852 2744 1033 2787 uidetur
1055 2745 1175 2787 enim
1195 2747 1281 2788 ini-

156 2827 307 2868 quum,
340 2817 403 2866 vt,
435 2815 513 2868 qui
544 2818 639 2856 toto
672 2816 780 2856 anni
811 2820 1012 2872 tempore
1042 2815 1129 2858 fuit
1159 2817 1281 2873 prin-

156 2898 256 2940 ceps
277 2883 468 2937 scholae,
501 2888 545 2925 et
567 2885 769 2927 omnium
789 2886 956 2929 iudicio
983 2886 1280 2943 doctissimus,

157 2954 287 2996 abeat
325 2955 420 2995 sine
467 2955 589 2996 omni
626 2955 813 3012 honore,
856 2958 966 3013 quin
1004 2959 1140 3000 etiam
1179 2973 1282 3000 cum

157 3025 408 3079 ignominia
426 3030 607 3082 propter
625 3027 818 3082 aliquem
851 3043 1002 3072 casum
1024 3029 1280 3085 fortuitum,

1099 404 1273 446 Deinde
1313 404 1420 460 quia
1434 405 1579 448 minui
1591 406 1742 463 potius
1756 421 1881 463 prae-

1312 475 1505 518 miorum
1527 477 1671 533 pretia
1703 478 1881 531 debent,

1315 561 1449 603 quam
1503 551 1554 590 vt
1607 548 1663 589 iis
1716 548 1881 603 dignus

1315 617 1502 673 quisque
1520 618 1746 661 immerito
1762 619 1882 661 frau-

1316 689 1510 731 daretur.
1545 689 1694 744 (Ibid.)
1718 716 1771 721 -—
1790 690 1880 744 (Ad

1317 763 1355 804 5.
1389 775 1430 803 v.
1464 759 1583 802 infra
1615 760 1672 802 ad
1704 764 1763 815 9.)

1460 1682 1540 1725 Ad
1573 1686 1599 1727 6
1631 1689 1685 1725 et
1717 1687 1756 1728 7.
1818 1685 1882 1727 Vt

1319 1753 1523 1795 omittere
1577 1754 1710 1797 liceat
1763 1755 1883 1811 quod

1318 1825 1371 1866 de
1418 1825 1558 1881 signis
1605 1827 1884 1883 apponendis

1316 1895 1649 1950 praescribitur.
1715 1923 1768 1927 —-
1825 1897 1881 1938 R.

1315 1967 1444 2009 Nihil
1461 1981 1641 2009 caussae
1659 1983 1882 2024 apparere,

1316 2052 1395 2079 cur
1426 2038 1656 2080 obseruari
1687 2053 1778 2080 non
1810 2039 1883 2080 de-

1319 2108 1432 2150 beat.
1496 2109 1650 2165 (Ibid.)

1459 2463 1542 2506 Ad
1574 2467 1614 2508 9.
1667 2465 1734 2508 Ne
1755 2480 1882 2522 prae-

1318 2534 1511 2576 miorum
1559 2535 1780 2578 iudicium
1827 2551 1880 2578 ex

1318 2605 1412 2646 sola
1426 2605 1671 2662 scriptione
1689 2610 1880 2662 petatur,

1319 2675 1396 2716 sed
1457 2690 1512 2717 ex
1572 2676 1714 2718 totius
1773 2677 1881 2718 anni

1319 2745 1521 2791 decursu
1565 2772 1609 2780 —-
1649 2746 1705 2788 R.
1769 2747 1882 2788 Cum

1317 2817 1503 2874 scriptio
1542 2818 1650 2859 haec
1685 2817 1742 2859 ad
1778 2832 1882 2859 con—

1319 2889 1594 2944 sequendum
1633 2888 1881 2945 praemium

1319 2959 1567 3015 dirigatur,
1616 2958 1881 3016 reprehendi

1318 3045 1409 3073 non
1441 3034 1603 3087 potest,
1637 3030 1674 3071 si
1706 3044 1759 3071 ex
1791 3044 1882 3073 vna
