2148 3402
395 191 438 225 R.
453 195 499 226 st.
517 192 616 226 1586.
653 192 878 228 Vacationes
904 193 948 228 cl.
976 193 1043 227 inf.
1069 192 1273 236 Disciplina.
1298 199 1337 228 et,
1361 194 1491 236 pietas.
1703 184 1784 227 181

89 325 271 367 vespere
309 312 488 352 tantum
527 311 575 352 in
614 311 856 367 pervigilio
888 311 1067 353 Natalis
1100 311 1287 353 Domini
1318 316 1363 353 et
1393 312 1700 367 Pentecostes,
1741 317 1786 354 et

89 382 136 424 in
168 382 303 423 Feria
335 386 498 437 quarta
529 382 711 424 maioris
742 382 1064 437 hebdomadae,
1098 387 1143 424 et
1173 383 1222 424 in
1246 383 1318 425 die
1338 383 1648 425 Recreationis
1680 384 1788 425 heb-

89 451 390 507 domadariae,
429 468 543 508 quae
573 468 665 495 non
696 453 1026 510 interponatur,
1068 454 1155 495 nisi
1187 454 1263 496 vel
1296 457 1457 510 quarta
1485 455 1491 509 Ι
1519 454 1591 495 vel
1624 455 1784 510 quinta
1807 481 1834 504 p.
1864 473 1928 498 ειη.

89 523 243 566 Feria:
291 527 388 565 tum
433 528 531 566 toto
575 524 648 566 die
691 525 739 566 in
777 524 910 567 Feria
948 525 1109 580 quinta
1150 523 1475 580 sexagesimae,
1517 524 1617 566 sed÷÷
1658 525 1791 566 Feria

89 595 285 638 secunda
326 610 377 637 ac
417 595 554 637 tertia
595 595 1032 652 Quinquagesimae,
1071 596 1158 638 nisi
1207 595 1340 637 aliter
1386 600 1649 638 consuetum
1693 596 1791 650 sit,*

88 667 322 720 doceatur3
368 671 556 710 vacetur
593 667 771 709 tamen*
802 667 950 710 tribus
981 665 1158 710 vltimis
1196 666 1355 708 diebus
1395 666 1579 708 maioris
1610 666 1793 708 Hebdo-

90 738 260 781 madae.

231 813 271 854 4.
305 809 626 852 Adolescentes
657 825 740 852 nec
771 809 1035 852 dimittendi
1067 808 1284 852 videntur
1317 808 1374 850 ad
1395 808 1639 866 spectanda
1671 823 1794 865 sup-

88 881 260 939 plicia
301 897 533 936 reorum,
580 881 668 923 nisi
709 881 862 924 forsan
900 881 1249 934 haereticorum,
1293 880 1368 923 vel
1401 880 1457 922 ad
1489 880 1718 935 singulare
1750 884 1794 920 et

89 953 362 995 inusitatum
403 953 600 1009 aliquid,
644 953 842 1010 exceptis
871 952 1095 1010 paruulis:
1143 967 1226 993 nec
1260 952 1316 993 ad
1349 951 1552 1008 publicas
1585 951 1692 1007 (nisi
1723 952 1794 993 Io-

87 1026 206 1068 bileo
228 1025 608 1082 praescribantur)
628 1024 947 1082 processiones:
973 1022 1050 1065 sed
1069 1038 1222 1064 earum
1244 1023 1340 1065 loco
1363 1022 1580 1079 magister
1599 1022 1794 1078 quilibet

89 1111 191 1139 cum
225 1095 509 1138 auditoribus
546 1095 596 1137 in
634 1111 715 1138 sua
748 1095 887 1137 classe
918 1094 1077 1137 recitet
1109 1093 1318 1136 Litanias
1348 1095 1485 1151 paulo
1518 1098 1622 1136 ante
1654 1094 1792 1135 finem

89 1167 358 1210 scholarum.

186 1619 266 1682 De
310 1619 539 1683 tuenda
582 1639 910 1698 puerorum
956 1618 1286 1697 disciplina
1332 1637 1400 1682 ae
1442 1618 1693 1697 pietate,
1811 1663 1840 1687 p.
1868 1655 1930 1681 203.

836 1754 951 1819 Cap.
993 1753 1050 1801 X.

234 1859 306 1916 [1.]
340 1859 416 1913 Ι18,
462 1859 540 1915 qui
572 1859 630 1901 ad
669 1863 846 1901 nostras
885 1859 1061 1901 scholas
1092 1858 1335 1913 accedunt,
1379 1857 1604 1915 principio
1637 1857 1792 1899 statim

91 1929 353 1972 Praefectus
384 1931 592 1972 ostendat
622 1931 825 1986 Regulas
857 1931 1147 1984 Auditorum,
1180 1933 1232 1971 vt
1265 1930 1419 1985 quales
1450 1944 1542 1971 esse
1571 1932 1789 1985 oporteat,

91 2001 128 2042 si
161 2006 340 2043 nostrae
372 2017 416 2043 se
448 2001 713 2058 disciplinae
744 2002 921 2044 tradere
952 2002 1115 2054 velint,
1148 2001 1425 2056 intelligant.

235 2088 274 2128 2.
308 2085 435 2127 Inter
478 2085 831 2143 praelegendum
870 2085 1084 2127 adhibeat
1123 2100 1275 2127 curam
1314 2086 1600 2141 Praeceptor,
1645 2088 1697 2126 vt
1737 2099 1790 2126 ex

91 2171 142 2197 eo
174 2156 286 2211 loco,
321 2172 453 2213 quem
486 2157 685 2214 exponit,
718 2158 757 2199 si
787 2172 856 2198 res
887 2157 1019 2211 ferat,
1053 2160 1342 2213 praeceptum
1375 2155 1561 2211 aliquod
1597 2155 1794 2197 breuiter

91 2227 244 2269 eliciat
274 2228 346 2270 vel
378 2228 656 2284 integritatis
688 2229 761 2270 vel
794 2228 1060 2285 prudentiae
1093 2227 1434 2284 comparandae.

235 2314 274 2355 3.
310 2311 459 2354 Alicui
490 2317 747 2354 nostrorum
771 2312 1068 2355 Sacerdotum
1100 2311 1293 2366 singulis
1326 2310 1555 2352 mensibus
1585 2310 1791 2352 confiteri

93 2383 360 2424 iubeantur:
411 2399 545 2439 quam
595 2384 651 2426 ad
700 2399 792 2425 rem
837 2382 1092 2425 obeundam
1134 2396 1226 2424 non
1266 2382 1452 2424 videtur
1491 2381 1586 2423 dies
1628 2381 1793 2437 aliquis

94 2453 370 2509 deligendus,
410 2470 497 2510 quo
529 2455 893 2497 intermittantur
922 2454 1149 2495 literariae
1180 2453 1535 2507 exercitationes,
1577 2453 1653 2494 sed
1685 2453 1794 2494 satis

95 2529 174 2579 est,
208 2530 260 2566 vt
280 2527 547 2583 Praeceptor
579 2542 680 2568 cum
714 2525 998 2569 Confessario
1033 2525 1127 2580 (qui
1151 2526 1188 2566 si
1208 2541 1326 2567 vnus
1346 2530 1460 2567 esset
1480 2541 1530 2566 ac
1551 2530 1793 2582 perpetuus

96 2595 295 2637 omnium
317 2596 408 2638 fere
430 2597 811 2639 Scholasticorum
835 2597 1030 2651 auditor,
1063 2596 1198 2638 homo
1222 2597 1277 2639 ab
1302 2596 1401 2652 alijs
1422 2597 1794 2653 occupationibus

96 2667 211 2708 liber
244 2671 288 2709 et
320 2668 511 2710 alicuius
542 2670 814 2723 autoritatis,
854 2669 1023 2725 optime
1054 2683 1123 2710 res
1154 2668 1428 2722 succederet)
1467 2667 1710 2710 conueniat
1740 2668 1794 2709 de

97 2742 214 2779 stato
254 2739 327 2780 die
367 2744 502 2795 atque
541 2741 670 2795 hora,
707 2756 796 2797 qua
833 2741 953 2782 terni
990 2740 1060 2781 vel
1095 2739 1221 2794 quini
1260 2740 1317 2781 ad
1350 2739 1657 2781 confitendum
1689 2739 1794 2780 mit-

96 2814 253 2852 tantur
284 2811 380 2852 sine
413 2812 650 2853 vacatione
683 2813 737 2854 ab
770 2812 852 2866 his,
887 2827 1000 2867 quae
1031 2810 1284 2852 scholarum
1318 2811 1499 2866 propria
1531 2815 1657 2852 sunt:
1692 2814 1735 2850 et
1757 2809 1794 2850 si

98 2880 191 2922 dies
222 2897 314 2924 vna
333 2882 542 2924 omnibus
563 2898 654 2925 non
677 2883 854 2936 sufficit,
888 2882 1122 2924 diuidatur
1145 2896 1214 2923 res
1245 2881 1294 2922 in
1326 2882 1494 2923 multos
1526 2881 1633 2934 dies,
1667 2880 1793 2922 dum-

62 2950 65 2953 ’
99 2952 231 2994 modo
273 2953 395 2994 intra
432 2968 628 2995 mensem
656 2956 660 3007 Ι
690 2954 992 2996 confiteantur
1034 2967 1200 3005 omneS,
1245 2957 1289 2993 et
1336 2957 1527 3005 curetur,
1573 2955 1794 3006 quantum
1816 2974 1844 2997 p.
1864 2967 1928 2991 269.

99 3022 194 3063 fieri
233 3028 397 3080 potest,
445 3029 497 3066 vt
534 3024 781 3066 confessuri
820 3024 1058 3066 lectionem
1097 3038 1191 3065 non
1229 3023 1458 3065 omittant.
1519 3022 1573 3064 Id
1614 3020 1793 3076 quidem

101 3094 240 3135 satius
279 3095 473 3149 videtur,
514 3099 613 3137 tum
654 3096 759 3152 quia
796 3095 1056 3138 vacationes
1096 3095 1200 3136 illae
1239 3098 1452 3135 nocerent
1488 3089 1796 3149 progressibus
