2143 3462
199 839 302 869 p.21⁴.

220 2484 246 2506 p.
259 2475 319 2499 215.

317 195 402 235 150
489 203 597 238 Ratio
625 204 827 238 studiorum
855 207 893 238 et
918 203 1170 239 institutiones
1196 204 1437 238 scholasticae
1463 203 1660 239 Societatis
1686 203 1775 240 Jesu
1798 204 1837 239 II

312 324 525 366 videntur
557 324 733 375 caeteri,
774 339 908 380 quam
939 324 1170 380 Theologi,
1204 324 1364 365 horum
1397 324 1517 366 enim
1548 329 1593 366 et
1623 325 1765 367 maior
1796 329 1862 368 est
1891 340 2002 382 pau-

314 395 429 436 citas
468 399 512 435 et
551 409 656 436 Vsus
696 394 1003 451 multiplicior.
1073 396 1122 438 Si
1170 395 1247 450 qui
1294 399 1445 436 tamen
1491 395 1742 452 excipiendi
1780 396 2005 450 videntur,

315 470 428 506 esset
447 465 532 507 hoc
552 465 882 521 indulgendum
902 466 974 507 vel
991 465 1359 522 Valetudinarijs,
1392 466 1465 507 vel
1486 465 1555 521 ijs,
1590 467 1667 522 qui
1686 466 2006 522 ingrediuntur

317 536 590 578 Societatem
636 537 897 592 grandiores
944 536 1047 589 iam,
1092 537 1165 578 vel
1209 551 1399 592 quorum
1444 536 1636 592 insignis
1677 541 1790 579 esset
1826 552 1925 594 spes
1963 542 2008 580 et

314 606 556 648 necessitas
587 621 666 663 pro
699 606 984 662 grauioribus
1016 607 1400 663 occupationibus
1463 607 1559 649 Hos
1590 607 1709 649 enim
1740 607 1886 664 excipi
1916 607 2008 650 fere

316 677 469 719 nullus
500 677 689 733 indigne
720 678 819 720 fert.

461 752 499 792 2.
534 749 690 804 Longe
722 763 828 790 vero
861 748 1017 790 Vtilius
1049 749 1228 791 videtur
1250 749 1426 792 Scholis
1448 749 1760 791 Humanitatis
1789 753 1833 791 et
1855 750 2012 792 Gram-

324 819 528 872 maticae,
561 825 612 861 vt
644 819 723 861 has
744 820 900 861 Nostri
932 819 1134 874 doceant,
1168 821 1422 878 an[tequam
1448 821 1636 863 audiant
1657 819 2011 877 Philosophiam,

320 905 455 945 quam
493 895 661 946 postea.
724 891 876 932 Primo
916 890 1022 945 quia
1065 891 1329 933 inferiorum
1369 892 1579 934 classium
1610 893 1927 948 Praeceptores
1963 890 2013 933 in

320 961 510 1017 singulis
559 976 669 1017 pene
721 960 852 1003 rebus
898 961 1107 1017 indigent
1153 962 1396 1004 directione
1442 961 1666 1004 Praefecti
1717 965 1762 1003 et
1808 960 2013 1003 Rectoris

318 1037 502 1088 propter
533 1031 821 1086 quotidianas
854 1032 1146 1075 difficultates
1178 1033 1227 1075 in
1258 1035 1407 1090 pueris
1430 1033 1652 1089 regendis,
1684 1031 2013 1089 promouendis,

321 1102 645 1156 examinandis,
686 1103 964 1159 expellendis
996 1108 1076 1145 etc.
1120 1109 1166 1146 at
1198 1104 1466 1161 Philosophi
1503 1119 1596 1146 non
1632 1108 1726 1146 tam
1764 1104 1920 1146 faciles
1963 1118 2014 1146 ac

323 1173 582 1215 tractabiles
613 1188 657 1214 se
689 1173 906 1216 exhibent
922 1174 1177 1217 Praefecto:
1229 1191 1356 1233 posse
1389 1191 1440 1218 ac
1472 1175 1631 1217 debere
1662 1190 1708 1217 se
1738 1175 1882 1217 multa
1914 1189 2016 1217 con-

322 1243 504 1285 stituere
536 1243 810 1299 existimant,
851 1260 932 1287 nec
971 1246 1019 1288 in
1057 1246 1249 1302 singulis
1283 1247 1428 1289 alieno
1462 1262 1516 1289 ex
1549 1246 1772 1288 arbitratu
1802 1246 2013 1304 pendere:

324 1315 434 1370 quin
466 1314 615 1369 etiam,
656 1315 762 1357 dum
795 1316 941 1358 adhuc
984 1317 1032 1359 in
1074 1317 1238 1360 humili
1275 1318 1372 1361 loco
1411 1323 1648 1361 versantur
1680 1322 1725 1360 et
1755 1317 2017 1360 Nouitiatus

324 1386 545 1428 feruorem
576 1387 786 1441 retinent,
828 1388 1019 1431 alacrius
1056 1389 1263 1431 humeros
1296 1390 1573 1432 submittunt
1603 1393 1672 1431 tot
1702 1388 1934 1431 laboribus
1966 1404 2018 1431 ac

325 1457 555 1513 molestijS,
588 1458 751 1513 quibus
783 1459 994 1502 Doctoris
1025 1476 1188 1503 munus
1219 1461 1490 1518 implicatur.
1541 1460 1748 1504 Secundo
1779 1464 2018 1518 postquam

324 1528 702 1585 Philosophorum
735 1530 1008 1574 subtilitates
1040 1532 1350 1588 degustarunt,
1399 1532 1563 1575 adduci
1600 1532 1681 1575 vix
1718 1536 1920 1589 possunt,
1965 1536 2017 1575 vt

327 1600 737 1643 Grammaticorum
768 1605 987 1658 tanquam
1019 1603 1212 1660 spinosis
1243 1609 1288 1646 et
1317 1604 1527 1661 insipidis
1556 1603 1923 1646 institutionibus
1945 1603 2018 1646 de-

328 1671 567 1714 lectentur:
623 1687 758 1728 quare
789 1687 880 1715 non
911 1689 1011 1716 raro
1045 1675 1307 1732 deprehensi
1343 1680 1449 1717 sunt
1488 1676 1537 1717 in
1576 1674 1806 1730 cubiculis,
1845 1674 2019 1717 abiecta

330 1743 649 1798 Grammatica,
682 1745 1000 1802 Philosophiae
1022 1747 1198 1803 scriptis
1219 1747 1451 1790 incubare:
1486 1752 1542 1802 et,
1575 1747 1611 1789 si
1643 1761 1731 1803 qua
1761 1762 1806 1789 se
1836 1746 2021 1804 praebet

328 1814 515 1866 occasio,
547 1815 679 1857 facile
710 1821 956 1859 excurrunt
985 1818 1034 1859 in
1065 1817 1444 1875 Philosophorum
1476 1818 1786 1875 digressiones,
1818 1833 1930 1874 quae
1962 1817 2020 1860 ad

330 1886 678 1929 ostentationem
715 1888 881 1945 potiUS,
923 1903 1057 1944 quarn
1098 1889 1156 1931 ad
1187 1890 1435 1932 vtilitatem
1466 1890 1733 1947 pertineant.
1796 1889 1950 1932 Tertio
1982 1889 2021 1931 si

331 1972 385 1998 ex
416 1957 710 2016 Philosophia
743 1960 799 2002 ad
833 1960 1188 2003 Grammaticam
1219 1965 1522 2016 reuertuntur,
1562 1967 1656 2003 tam
1690 1960 2022 2004 Grammaticae

332 2046 466 2086 quam
497 2031 767 2087 Theologiae
799 2032 1115 2074 subsecuturae
1157 2033 1510 2075 incommodant.
1572 2033 1691 2075 Nam
1722 2033 1797 2074 vel
1827 2032 1940 2074 serio
1972 2047 2023 2074 ac

332 2107 509 2144 strenue
547 2107 754 2144 statuunt
791 2118 950 2145 vacare
991 2104 1324 2146 Grammaticae
1362 2108 1407 2146 et
1444 2104 1756 2159 Humanitati,
1802 2104 1875 2146 vel
1915 2103 2026 2146 osci-

334 2178 483 2214 tanter
514 2179 557 2215 et
588 2173 903 2230 perfunctorie.
976 2174 1025 2216 Si
1063 2179 1264 2229 strenue,
1311 2190 1412 2217 cum
1450 2181 1606 2233 postea
1647 2175 1703 2218 ad
1733 2174 2023 2231 Theologiam

336 2245 627 2299 ascenderint,
659 2245 774 2287 nihil
800 2246 932 2302 plane
951 2246 1306 2288 recordabuntur
1325 2247 1656 2304 Philosophiae,
1689 2261 1824 2302 quam
1846 2249 2024 2289 constat

334 2317 475 2359 iacere
522 2317 820 2360 fundamenta
865 2318 1151 2373 Theologiae.
1230 2318 1311 2361 Sin
1356 2318 1678 2375 perfunctorie,
1731 2332 1898 2374 magna
1947 2317 2027 2359 fiet

339 2387 595 2429 auditorum
629 2394 673 2430 et
705 2389 846 2431 totius
879 2389 1066 2431 Scholae
1097 2389 1281 2444 iactura,
1321 2394 1366 2431 et
1402 2389 1486 2432 hoc
1526 2389 1676 2446 potius
1714 2388 2029 2446 pertimescen—

342 2458 449 2499 dum
481 2463 559 2512 est,
592 2474 696 2501 nam
728 2459 994 2514 barbariem,
1034 2475 1168 2516 quam
1200 2476 1253 2502 ex
1286 2460 1583 2518 Philolsophis
1613 2459 1867 2514 hauserant,
1907 2457 2029 2501 dedi-

340 2543 459 2570 scere
489 2544 581 2571 non
612 2536 800 2587 possunt
832 2531 927 2573 sine
958 2546 1124 2588 magno
1155 2531 1321 2585 labore,
1358 2531 1479 2574 hunc
1508 2545 1614 2573 vero
1650 2531 1851 2587 fugimus
1887 2530 2029 2573 liben-

340 2599 444 2651 tius,
478 2615 611 2655 quam
644 2601 863 2645 subimus:
897 2618 1032 2659 quare
1063 2603 1137 2644 vel
1169 2602 1418 2645 barbariem
1448 2616 1540 2644 non
1563 2602 1807 2659 deponunt,
1838 2601 1912 2644 vel
1931 2615 2027 2643 sero

341 2670 537 2712 tandem.
590 2672 741 2714 Satius
763 2679 877 2715 esset
898 2673 1267 2727 Grammaticam,
1300 2688 1434 2729 quam
1465 2673 1733 2728 didicerunt,
1766 2687 1850 2715 vsu
1871 2672 2029 2714 statim

343 2742 532 2784 docendi
565 2743 838 2797 confirmare,
870 2750 921 2786 vt
952 2745 1134 2800 linguae
1166 2744 1357 2786 Latinae
1387 2744 1549 2801 peritia
1579 2744 1713 2786 facile
1742 2749 1897 2801 postea
1927 2757 2030 2786 con-

344 2819 556 2866 seruetur,
605 2814 740 2855 etiam
782 2830 882 2856 cnm
921 2829 1030 2871 opus
1067 2814 1204 2857 fuerit
1247 2815 1585 2871 Philosophiam
1626 2815 1700 2857 vel
1736 2813 2029 2870 Theologiam

343 2885 556 2942 profiteri.
619 2885 789 2934 Quarto
821 2885 956 2927 etiam
979 2885 1295 2942 Philosophiae
1326 2885 1506 2942 prodest
1536 2884 1847 2942 magisterium
1869 2885 2029 2944 Gram7

345 2956 548 3010 mancae,
586 2956 671 2997 hoc
710 2956 829 2997 enim
865 2956 933 2998 ita
972 2961 1233 2998 exercentur
1271 2961 1403 3012 atque
1440 2957 1695 3000 excitantur
1731 2955 1935 3012 ingenia,
1978 2959 2031 2998 vt

346 3027 522 3085 aptiora
552 3031 707 3084 postea
737 3027 850 3068 fiant
878 3027 934 3069 ad
955 3042 1006 3069 ea
1025 3027 1322 3084 percipienda,
1353 3042 1467 3083 quae
1487 3027 1754 3085 Philosophi
1775 3026 2032 3084 disputant:

347 3103 660 3155 praeterquam
691 3098 810 3155 quod
842 3103 963 3142 aetas
1000 3099 1111 3157 ipsa,
1150 3113 1237 3155 quo
1268 3098 1487 3142 maturior
1517 3103 1596 3154 est,
1642 3113 1693 3142 eo
1725 3097 1905 3141 altiores
1935 3096 2033 3153 agit
