2143 3462
389 174 447 216 94
563 181 672 218 Ratio
701 183 903 218 studiorum
931 187 969 219 et
993 183 1247 220 institutiones
1272 183 1514 219 scholasticae
1539 184 1735 222 societatis
1761 187 1852 224 Jesu
1874 188 1917 225 II

283 324 316 347 A.
339 322 365 348 -2,
528 305 693 347 Vtrum
716 305 866 361 gratia
891 306 1027 362 primi
1043 306 1241 348 hominis
1259 309 1303 347 et
1318 305 1599 361 Angelorum
1616 307 1665 349 in
1683 323 1837 351 eorum
1855 311 2082 353 creatione
2129 353 2132 356 ,

388 376 494 417 data
516 375 665 430 fue-rit,
700 377 933 434 supposita
951 377 1152 433 ipsorum
1185 376 1492 432 dispositione,
1524 392 1615 420 non
1638 378 1713 421 hic
1737 383 1973 436 tractetur,
2005 380 2083 423 sed

388 446 436 488 in
472 450 508 491 1.
542 447 690 489 Parte.

265 537 298 559 A.
528 519 633 560 Non
652 519 833 561 videtur
855 518 929 560 1116
952 518 1179 573 agendum
1198 517 1252 560 de
1278 519 1552 561 contritione
1575 521 1840 563 continuata
1863 521 2083 577 Caietani,

388 588 462 630 vel
479 588 532 630 de
550 590 803 631 intensione
823 590 960 644 Scoti,
994 589 1224 645 pertinent
1241 589 1361 631 enim
1382 589 1439 632 ad
1461 591 1696 633 materiam
1716 591 1771 633 de
1791 592 2082 648 poenitentia.
2139 578 2140 582 Ἰ

177 678 368 711 611111.
533 660 599 701 De
632 661 895 702 necessitate
925 660 1032 701 fidei
1063 660 1112 701 in
1145 660 1376 703 Christum
1408 665 1512 703 ante
1543 662 1616 704 vel
1647 666 1750 718 post
1782 663 2085 719 Euangelium

387 731 726 787 promulgatum
759 746 851 773 non
881 731 956 772 hic
988 730 1255 787 disputetur,
1290 732 1365 774 sed
1396 732 1445 774 in
1479 736 1517 776 2.
1552 736 1591 777 2.

287 823 322 845 A.
347 821 371 846 τ.
532 803 697 844 Vtrum
737 806 1031 856 augmentum
1070 801 1244 858 gratiae
1284 802 1415 844 detur
1450 803 1499 845 in
1537 803 1775 861 principio,
1822 820 1880 847 an
1918 805 1967 847 in
1997 805 2087 847 fine

392 873 582 915 actionis
603 873 871 927 meritoriae,
905 877 950 914 et
980 876 1150 927 Vtrum,
1183 873 1220 914 si
1253 873 1455 930 operatio
1475 875 1709 917 meritoria
1731 876 1982 918 successiua
2012 875 2086 931 sit,

254 945 486 1001 ;‚.115.ipsa
534 945 669 986 etiam
715 944 865 999 gratia
912 959 1062 985 succes
1083 943 1086 1001 Ι
1107 943 1202 985 siue
1242 948 1476 1000 augeatur,
1523 945 1683 988 melius
1721 951 2009 989 reseruantur
2038 946 2087 988 in

393 1015 699 1071 quaestionem
732 1015 785 1056 de
820 1019 1064 1070 augmento
1098 1015 1316 1057 Caritatis
1347 1016 1396 1058 in
1428 1019 1468 1060 2.
1503 1020 1541 1060 2.

288 1108 321 1129 A.
344 1106 369 1129 s.
533 1086 599 1127 De
637 1101 823 1128 numero
863 1090 908 1127 et
947 1086 1103 1128 ordine
1143 1090 1188 1127 et
1225 1087 1493 1129 necessitate
1527 1088 1729 1130 omnium
1762 1092 1960 1142 actuum,
2009 1087 2087 1144 qui

393 1161 667 1200 concurrunt
699 1157 755 1198 ad
787 1157 1172 1213 iustificationem,
1204 1157 1279 1199 1116
1311 1158 1576 1215 disputetur,
1609 1174 1701 1201 non
1732 1159 1782 1201 in
1812 1158 2004 1201 materia
2035 1157 2089 1200 de

391 1228 683 1285 poenitentia.

270 1322 303 1344 A.
327 1320 369 1344 10.
532 1300 697 1342 Vtrum
729 1299 778 1341 in
808 1300 990 1342 homine
1022 1300 1153 1342 detur
1183 1301 1405 1342 naturalis
1436 1300 1642 1357 potentia
1674 1300 1731 1342 ad
1752 1300 1964 1356 gratiam,
1996 1313 2089 1342 non

392 1371 645 1426 disputetur
688 1370 775 1425 hic,
820 1372 926 1426 quia
972 1386 1064 1413 non
1110 1372 1305 1413 multum
1338 1371 1487 1413 differt
1519 1372 1575 1413 ab
1606 1371 1702 1425 illa,
1734 1386 1823 1428 qua
1856 1370 2089 1427 quaeritur

393 1442 445 1483 de
476 1442 676 1483 naturali
708 1443 916 1499 appetitu
948 1446 991 1484 et
1024 1443 1271 1499 capacitate
1303 1442 1612 1485 Beatitudinis
1651 1442 1767 1484 circa
1798 1443 1939 1499 princ.
1976 1445 2014 1486 1.
2048 1444 2087 1486 2.

181 1534 286 1565 6114.
313 1535 344 1557 A.
365 1533 390 1557 e..
534 1512 662 1555 Nihil
706 1513 781 1554 hic
828 1513 881 1555 de
921 1514 1082 1555 merito
1121 1513 1291 1555 Christi
1331 1514 1520 1568 dicatur,
1568 1528 1669 1556 cum
1701 1513 1926 1570 pertineat
1958 1512 2016 1556 ad
2047 1515 2089 1557 3.

392 1585 587 1626 Partem.

291 1677 323 1699 A.
346 1675 370 1697 a.
534 1656 700 1697 Vtrum
752 1670 830 1712 per
884 1654 1110 1711 quaelibet
1158 1670 1293 1712 opera
1341 1659 1560 1711 augeatur
1606 1656 1758 1712 gratia
1804 1660 1848 1698 et
1896 1656 2088 1711 Caritas,

391 1732 642 1768 reseruetur
674 1727 723 1767 in
754 1726 989 1769 materiam
1023 1726 1076 1768 de
1108 1726 1307 1769 Caritate
1337 1726 1386 1768 in
1419 1730 1458 1771 2.
1493 1730 1531 1771 2.

918 1908 991 1956 Ex
1031 1907 1254 1956 Secunda
1292 1906 1559 1956 Secundae.

291 2033 324 2065 ρ,
348 2034 372 2057 1.
534 2013 624 2054 Hic
645 2012 970 2069 disputandum
1003 2016 1069 2054 est
1101 2012 1155 2053 de
1187 2013 1402 2067 Ecclesia,
1435 2012 1490 2054 de
1521 2012 1770 2069 Scriptura,
1797 2011 1851 2054 de
1873 2011 2012 2068 Papa,
2037 2010 2091 2052 de

394 2084 737 2127 Traditionibus
770 2085 957 2141 alijsque
990 2084 1101 2126 locis
1133 2083 1429 2139 Theologicis.

203 2177 275 2208 on.
300 2176 372 2199 1.-2,
536 2157 639 2198 Non
683 2160 905 2198 tractetur
942 2156 1030 2209 hic,
1079 2154 1155 2197 sed
1194 2154 1315 2196 infra
1354 2156 1404 2196 in
1445 2154 1635 2197 materia
1673 2155 1727 2196 de
1770 2153 1983 2209 Caritate,
2030 2168 2089 2195 an

396 2227 571 2269 Caritas
605 2227 663 2268 sit
695 2227 839 2269 forma
872 2227 1071 2268 omnium
1107 2226 1331 2269 virtutum
1363 2225 1411 2267 in
1443 2241 1616 2282 genere.

291 2319 323 2341 A.
537 2299 828 2355 Supponatur
859 2298 1018 2340 Fidem
1051 2312 1144 2339 esse
1175 2312 1317 2339 vnum
1348 2296 1570 2351 habitum,
1611 2311 1693 2338 nec
1725 2295 1993 2353 disputetur,
2032 2310 2091 2338 an

396 2370 453 2410 sit
485 2369 675 2425 simplex
712 2370 919 2425 qualitas.

206 2460 240 2491 Q.
254 2461 280 2483 5.
302 2461 335 2483 A.
349 2458 374 2483 2.
538 2441 665 2482 Nihil
686 2441 739 2482 de
761 2441 874 2483 Fide
896 2440 1178 2496 Angelorum
1201 2439 1250 2481 in
1271 2454 1447 2495 genere,
1480 2439 1534 2481 de
1553 2439 1639 2481 hac
1671 2439 1792 2481 enim
1823 2438 1872 2480 in
1903 2437 2092 2481 materia

398 2511 450 2552 de
472 2511 672 2566 Angelis,
708 2512 782 2553 sed
816 2512 889 2554 1116
921 2516 1115 2565 tantum,
1148 2526 1206 2552 an
1238 2510 1373 2552 fuerit
1406 2509 1540 2552 Fides
1571 2510 1620 2552 in
1650 2510 1796 2567 primo
1830 2510 2022 2566 Angelo,
2055 2508 2092 2551 si

397 2587 491 2623 erat
513 2584 549 2623 ei
575 2582 772 2637 euidens,
796 2584 942 2625 Deum
967 2598 1072 2636 esse,
1091 2582 1168 2637 qui
1189 2581 1460 2637 loquebatur
1480 2585 1525 2622 et
1543 2581 1778 2623 reuelabat
1799 2580 1839 2623 ei
1861 2580 2091 2637 mysteria.

291 2674 325 2707 Q.
348 2674 374 2698 e.
538 2655 641 2695 Non
686 2655 772 2695 nisi
815 2654 1090 2708 breuissime,
1136 2653 1241 2709 quia
1280 2652 1522 2694 difficultas
1560 2652 1608 2693 in
1639 2651 1828 2694 materia
1861 2651 1915 2694 de
1945 2650 2095 2708 gratia

396 2731 632 2767 tractatur.

76 2820 276 2852 p.11r,.Q.1‹.·
303 2818 373 2842 A.2.
537 2796 749 2845 Quaestio
806 2796 859 2837 de
913 2796 1197 2853 baptizandis
1252 2794 1401 2852 pueris
1444 2793 1697 2837 infidelium
1748 2797 2000 2836 reseruetur
2044 2793 2095 2835 in

398 2867 633 2911 materiam
666 2867 719 2908 de
752 2866 1001 2923 Baptismo.

169 2959 262 2992 (123.
286 2960 390 2985 1141..
536 2938 728 2980 Materia
777 2937 912 2979 huius
959 2938 1156 2980 Articuli
1202 2952 1293 2979 non
1338 2937 1412 2979 hic
1459 2936 1745 2979 discutienda
1794 2940 1873 2990 est,
1921 2935 1999 2977 sed
2046 2934 2096 2976 in

412 3009 763 3060 Quaestionibus
795 3008 847 3050 de
879 3008 1046 3063 gratia:
1094 3008 1173 3050 vbi
1220 3011 1359 3050 etiam
1396 3008 1450 3050 de
1490 3008 1781 3050 distinctione
1819 3006 2020 3049 caritatis
2052 3009 2097 3048 et

397 3082 590 3138 gratiae:
624 3080 698 3122 sed
733 3094 790 3121 an
823 3079 985 3121 caritas
1018 3080 1078 3121 sit
1115 3080 1258 3121 virtus
1291 3079 1511 3137 specialis,
1542 3078 1616 3121 hic
1647 3079 1696 3121 in
1726 3077 1933 3121 Articulo
1965 3080 2006 3122 4.
