2143 3462
219 1267 311 1291 Finis.

95 1624 245 1648 orandum
267 1624 332 1645 antu

133 1659 296 1683 levin-num.

138 1978 282 2008 bist-imni
304 1977 337 2001 ad

169 2016 301 2045 pietatem

172 2050 305 2080 jux-andi.

153 2617 305 2643 Praefecto

85 2655 355 2685 obtemperandum.

146 2976 178 3000 ln
201 2973 360 2998 refellendo

166 3012 317 3035 modestia.

338 208 422 253 286
545 215 655 255 Ratio
684 204 885 254 studiorum
912 222 950 254 et
975 201 1230 254 institutiones
1258 200 1500 252 scholasticae
1526 199 1723 251 Societatis
1749 212 1839 250 Jesu
1865 197 1903 248 1'1

339 338 653 381 Humanitatis
693 338 843 380 studia
888 337 1186 394 pertinentem
1205 336 1207 387 ξ
1226 340 1453 393 praeterea
1480 351 1530 377 ac
1552 335 1840 392 Philosophis
1863 335 2072 377 omnibus

341 409 602 457 distribuam
640 414 933 464 moneatque,
974 413 1024 450 ut
1057 390 1393 457 certisilibium
1435 407 1630 462 aliquem
1670 406 1728 448 ad
1772 406 2074 448 humanitatis

341 479 611 536 quibusdam
628 480 904 536 temporibus
925 479 1086 533 legere⁷
1109 477 1188 519 ubi
1226 478 1376 519 studia
1444 478 1744 533 pertinentem
1809 477 2072 531 distribuat3

343 550 627 592 commodum
678 551 756 604 sit,
812 565 905 591 non
959 549 1186 589 omittant.
1227 552 1516 603 moneatque,
1556 553 1607 590 ut
1639 548 1771 591 certis
1804 548 2074 604 quibusdam

343 622 512 676 (Const.
545 637 586 677 p.
619 624 660 665 4.
695 636 730 663 c.
766 625 804 665 6.
839 622 917 673 Μ.)
1227 619 1504 676 temporibus
1520 619 1680 675 legere,
1697 619 1777 661 ubi
1793 619 2077 661 commodum

1230 692 1301 745 sit,
1334 705 1426 732 non
1466 691 1692 736 omittant,
1757 691 1928 743 (Const.
1961 706 2003 747 p.
2037 695 2078 734 4.

1209 763 1268 832 Ὀ.
1302 766 1340 806 6.
1374 762 1453 816 Μ.)

945 977 1159 1041 Regulae
1200 994 1481 1027 communes

901 1061 1126 1109 omnibus
1167 1060 1533 1110 Professoribus

798 1141 1190 1219 Superiorum
1233 1141 1636 1205 Facultatum.

493 1261 532 1307 1.
594 1262 786 1303 Feratur
818 1260 1130 1317 Praeceptoris
1162 1261 1401 1317 peculiaris
1429 1260 1639 1315 intentiO,
1674 1265 1771 1302 tum
1801 1262 1849 1301 in
1881 1260 2086 1303 lectioni-

351 1335 455 1387 bus,
496 1348 597 1375 cum
637 1348 682 1373 se
721 1331 896 1373 occasio
938 1331 1173 1386 obtulerit,
1215 1336 1314 1374 tum
1347 1337 1475 1374 extra
1509 1347 1600 1386 θῇς,
1636 1332 1691 1374 ad
1725 1332 1953 1374 auditores
1986 1347 2087 1374 suos

352 1405 408 1447 ad
432 1404 697 1459 obsequium
720 1409 764 1444 et
788 1417 986 1444 amorem
1007 1403 1093 1443 Dei
1114 1417 1165 1444 ac
1181 1403 1417 1457 virtutum,
1445 1404 1608 1459 quibus
1630 1404 1669 1444 ei
1694 1403 1868 1460 placere
1896 1409 2086 1460 oportet,

353 1477 614 1530 movendos,
647 1480 692 1517 et
723 1480 775 1516 ut
807 1475 958 1516 omnia
989 1489 1069 1516 sua
1100 1474 1251 1516 studia
1272 1474 1470 1516 adhunc
1502 1475 1637 1516 finem
1659 1473 1868 1516 referant.
1918 1475 2087 1528 (Const.

354 1563 395 1605 p.
428 1551 469 1592 4.
503 1562 539 1589 c.
574 1550 612 1591 8.
646 1547 724 1600 A.;
758 1561 793 1587 c.
831 1548 896 1590 16.
930 1561 974 1587 n.
1008 1548 1065 1598 4.)

498 1617 541 1664 2.
576 1618 705 1668 Quod
739 1622 790 1659 ut
823 1618 878 1658 ad
902 1617 1164 1658 memoriam
1187 1617 1250 1658 eis
1272 1617 1523 1671 reducatur,
1557 1621 1661 1658 ante
1682 1617 1887 1659 lectionis
1907 1617 2090 1659 initium

356 1690 479 1732 (licat
513 1690 676 1744 aliquis
703 1689 885 1730 brevem
918 1688 1167 1730 orationem
1199 1688 1256 1729 ad
1288 1688 1335 1729 id
1357 1689 1630 1742 institutam,
1663 1703 1799 1744 quam
1823 1690 2092 1745 Praeceptor

357 1766 400 1803 et
432 1760 642 1817 discipuli
675 1774 828 1801 omnes
861 1764 1015 1816 aperto
1048 1759 1196 1815 capite
1228 1762 1399 1800 attente
1433 1759 1664 1801 audiant¹·
1705 1760 1779 1802 Vel
1811 1760 1968 1801 saltem
1999 1759 2093 1816 ipse

1658 1794 1665 1814 7

357 1834 625 1889 Praeceptor
657 1831 787 1887 signo
821 1832 964 1873 crucis
986 1846 1030 1872 se
1053 1830 1229 1872 muniat
1249 1836 1404 1886 aperto
1428 1831 1574 1887 capite
1595 1836 1638 1873 et
1658 1830 1859 1888 incipiat.
1922 1832 2093 1885 (Const.

357 1904 465 1946 ibid.
501 1904 566 1957 O.)

502 1974 546 2021 3.
610 1974 868 2031 Discipulos
906 1979 1138 2031 praeterea
1170 1973 1303 2030 juvet
1341 1973 1507 2015 crebris
1544 1974 1663 2030 apud
1695 1974 1842 2015 Deum
1889 1973 2096 2030 precibus

362 2061 411 2088 ac
459 2046 683 2102 religiosis
730 2047 853 2088 vitae
901 2061 1005 2087 suae
1049 2045 1278 2101 exemplis.
1356 2044 1706 2086 Exhortationes
1750 2059 1830 2101 par
1884 2044 1968 2086 erit
2006 2058 2098 2085 non

364 2117 571 2159 omittere
615 2117 774 2158 saltem
812 2117 958 2173 pridie
998 2117 1318 2158 solemniorum
1365 2116 1559 2170 dierum,
1608 2121 1653 2158 et
1704 2130 1805 2157 cum
1836 2115 1971 2172 paulo
2002 2115 2098 2157 lon-

364 2188 510 2244 giores
542 2188 801 2230 vacationes
834 2189 1155 2230 conceduntur.
1218 2188 1438 2229 Hortetur
1468 2187 1757 2244 potissimum
1789 2187 1846 2228 ad
1879 2186 2099 2228 orandum

366 2261 525 2313 Deum⁷
551 2259 606 2301 ad
630 2259 945 2301 excutiendam
974 2259 1299 2301 conscientiam
1324 2259 1514 2315 vesperi,
1548 2259 1604 2300 ad
1629 2258 1918 2300 Sacramenta
1940 2257 2101 2300 Poeni-

364 2331 536 2372 tcntiae
569 2336 613 2372 et
646 2330 958 2372 Eucharistiae
990 2330 1247 2386 frequenter
1279 2346 1329 2372 ac
1350 2330 1435 2371 rite
1457 2329 1678 2384 obeunda⁷
1713 2330 1770 2370 ad
1792 2328 1975 2371 Missam
1995 2342 2103 2384 quo-

365 2402 486 2454 tidie,
505 2402 765 2444 concionem
783 2402 975 2457 singulis
999 2402 1156 2443 diebus
1176 2401 1302 2442 festis
1323 2401 1608 2455 audiendam,
1632 2400 1687 2442 ad
1711 2400 1926 2443 vitandas
1945 2399 2103 2440 noxias

367 2474 732 2528 consuetudines⁷
785 2473 841 2515 ad
887 2473 1105 2515 vitiorum
1149 2473 1517 2526 detestationem,
1561 2472 1617 2513 ad
1658 2472 1849 2513 virtutes
1894 2470 2104 2512 colendas

367 2545 624 2586 Christiano
645 2545 827 2586 homine
849 2544 1024 2599 dignas.
1072 2545 1240 2599 (Const.
1273 2559 1316 2601 p.
1346 2547 1386 2586 4.
1420 2558 1454 2584 c.
1477 2546 1515 2586 7.
1539 2558 1582 2584 n.
1609 2547 1652 2596 23
1687 2557 1723 2584 c.
1750 2545 1817 2597 16,
1839 2557 1882 2583 n.
1905 2545 1942 2585 1.
1966 2545 2009 2582 et
2029 2541 2102 2594 A.)

509 2616 552 2662 4.
617 2616 848 2657 Praefecto
881 2615 1132 2658 studiorum
1163 2615 1212 2656 in
1232 2614 1376 2667 rebus,
1411 2629 1522 2669 quae
1539 2613 1595 2655 ad
1618 2613 1767 2655 studia
1787 2618 1830 2655 et
1851 2613 2105 2655 scholarum

370 2687 655 2743 disciplinam
694 2691 917 2744 spectant,
959 2687 1256 2742 obtemperet3
1298 2685 1606 2726 conclusiones
1647 2699 1820 2739 omnes,
1862 2689 2103 2738 antequam

371 2764 692 2815 proponantur,
728 2759 870 2800 eidem
893 2759 1042 2800 tradat
1063 2756 1462 2812 recognoscendas3
1498 2771 1641 2812 neque
1658 2756 1827 2797 librum
1849 2756 1994 2797 ullum
2026 2758 2106 2795 aut

372 2830 633 2886 scriptorem
667 2830 1070 2871 extraordinarium
1119 2827 1435 2883 explicandum
1485 2827 1722 2883 suscipiat,
1761 2841 1905 2881 neque
1937 2840 2103 2868 novam

372 2902 512 2943 ullam
545 2901 733 2943 docendi
765 2905 843 2943 aut
877 2899 1139 2956 disputandi
1173 2898 1543 2940 consuetudinem
1576 2898 1851 2940 introducat.

520 2973 564 3019 5.
627 2972 682 3013 ln
716 2971 768 3012 iis
799 2971 1159 3027 quaestionibuS,
1192 2969 1239 3010 in
1272 2970 1434 3024 quibus
1466 2970 1655 3011 liberum
1695 2972 1761 3009 est
1792 2983 2105 3024 quamcunque

374 3049 546 3101 partem
580 3043 719 3098 sequi,
752 3044 816 3083 ita
847 3042 1115 3083 defendatur
1147 3056 1238 3082 una
1269 3056 1386 3097 pars,
1420 3046 1471 3082 ut
1503 3040 1687 3082 alterius
1720 3040 1858 3081 etiam
1890 3040 2032 3095 partis
2055 3054 2105 3079 ac

524 3128 533 3147 ¹
565 3136 618 3170 pr.
646 3125 807 3160 audient.
