2148 3402
401 195 444 236 R.
471 205 515 236 st.
546 197 647 236 1599.
698 195 900 244 Catalogus
927 194 1066 242 aliquot
1091 194 1356 242 quaestionum.
1647 190 1732 234 319

177 321 244 362 De
289 335 435 376 poena
481 321 772 377 parvulorum
819 319 914 361 sine
959 319 1195 375 Baptismo
1242 319 1587 364 decendentium
1640 338 1732 364 non

35 396 254 434 tractetur
285 391 371 445 hic,
405 392 480 433 sed
512 392 560 433 111
592 391 780 433 materia
812 391 865 432 (19.
897 395 1080 447 peccato
1114 390 1324 446 originali
1358 391 1405 432 in
1440 396 1459 435 1
1486 394 1545 434 Π.

178 463 471 504 Sacramenta
515 461 903 514 ConfirmationiS,
948 461 1151 515 Ordinis,
1204 462 1446 503 Extremae
1499 464 1735 506 Unctionis

37 538 304 587 tractentur,
336 539 471 589 prout
503 533 749 585 vacaverit,
782 533 911 589 plene
950 533 1021 575 vel
1062 532 1281 587 breviter,
1322 538 1402 575 aut
1443 535 1577 576 etiam
1610 551 1736 591 prae-

35 608 287 657 tereantur,
333 619 435 646 cum
474 609 518 646 et
554 604 759 647 faciliora
790 603 894 658 sint,
942 608 986 645 et
1025 603 1246 646 habeatur
1284 605 1331 646 in
1373 610 1585 662 promptu
1618 607 1736 648 unde

35 675 127 730 peti
174 674 327 731 possit.
391 675 661 731 Ubicunque
704 679 856 716 tamen
905 679 1088 732 propter
1126 674 1378 717 haereticos
1425 691 1477 717 ea
1522 678 1735 719 tractatio

35 745 267 787 videbitur
297 747 559 800 necessaria,
593 761 877 802 nequaquam
910 746 1159 788 omittatur.

663 855 735 904 De
773 856 1095 904 Eucharistia.

178 948 253 989 An
286 948 520 1003 quantitas
552 948 863 1004 distinguatur
903 963 929 990 a
961 949 1236 1003 substantia,
1276 949 1566 1007 Philosophis
1605 952 1738 994 relin-

36 1023 213 1073 quatur,
246 1019 363 1062 sicut
395 1024 439 1061 et
482 1019 619 1073 illud,
661 1019 714 1060 de
760 1034 849 1074 quo
883 1019 1046 1061 Scotus
1078 1020 1151 1061 hic
1184 1020 1406 1077 disputat:
1442 1037 1498 1063 an
1531 1023 1740 1064 accidens

35 1091 178 1146 possit
208 1091 449 1146 producere
481 1090 798 1132 substantiam.

178 1162 244 1202 De
277 1162 433 1217 figuris
464 1161 775 1204 Eucharistiae
807 1162 1138 1219 multiplicibus
1170 1179 1411 1220 earumque
1443 1166 1741 1221 comparatio-

36 1233 170 1274 nibus
201 1233 273 1276 vel
305 1233 423 1274 nihil
453 1234 526 1276 vel
559 1233 771 1276 breviter.

664 1342 734 1391 De
774 1343 1095 1392 Poeniteutia.

179 1435 252 1477 A'n
293 1441 533 1492 repugnet,
573 1436 670 1477 sine
708 1436 801 1478 ulla
838 1435 1067 1478 infusione
1099 1437 1375 1492 qualitatum
1424 1444 1741 1496 supernatura-

38 1506 150 1548 lium
182 1507 253 1550 Vel
286 1508 380 1548 sine
411 1507 504 1548 ullo
536 1508 808 1564 poenitentis
841 1513 947 1550 actu
979 1508 1222 1563 justificari
1253 1515 1554 1566 peccatorem,
1596 1516 1642 1552 et
1682 1527 1739 1553 an

37 1577 278 1634 poenitere,
311 1578 427 1620 sicut
459 1583 657 1635 oportet,
696 1579 901 1635 indigeat
932 1579 1019 1620 Dei
1052 1579 1222 1621 auxilio
1255 1581 1475 1635 gratuito,
1508 1583 1741 1637 pertinent

39 1649 96 1690 ad
132 1654 149 1692 1
176 1649 223 1690 Π
256 1649 310 1691 (19
335 1649 674 1704 justificatione.
738 1650 840 1691 Illic
871 1650 1007 1691 etiam
1048 1651 1274 1705 agendum
1307 1656 1394 1705 est,
1439 1665 1530 1693 non
1563 1652 1650 1706 hic,
1684 1652 1738 1693 de

39 1720 195 1762 ordine
227 1721 348 1762 inter
378 1721 716 1777 dispositionem
750 1725 793 1761 et
824 1721 1100 1763 infusionem
1133 1722 1321 1777 gratiae.

181 1792 255 1834 An
295 1793 343 1833 111
382 1797 614 1849 peccatore
652 1797 756 1848 post
799 1797 1035 1849 peccatum
1075 1798 1355 1835 transactum
1397 1795 1571 1850 aliquid
1617 1795 1740 1837 aliud

38 1868 270 1906 remaneat
300 1869 478 1920 praeter
509 1863 834 1919 obligationem
867 1864 922 1906 ad
945 1879 1150 1920 poenam,
1182 1870 1463 1923 supponatur
1496 1882 1549 1907 ex
1584 1871 1605 1910 1
1626 1868 1673 1908 Π
1694 1867 1742 1908 111

39 1935 227 1976 materia
259 1935 313 1976 de
345 1940 541 1991 peccato.

182 2007 348 2049 Utrum
369 2022 514 2064 poena
536 2007 690 2048 damni
713 2007 772 2048 sit
793 2007 947 2049 eadem
968 2007 1017 2049 in
1039 2008 1250 2050 omnibus
1270 2008 1512 2063 damnatis,
1544 2009 1742 2065 pertinet

39 2078 190 2134 potius
222 2078 278 2119 ad
310 2079 546 2120 materiam
580 2078 633 2120 de
664 2079 861 2135 peccatis
893 2084 937 2119 et
969 2094 1123 2120 eorum
1155 2080 1401 2122 effectibus,

182 2149 478 2199 Quaestiones
510 2150 564 2191 de
595 2150 902 2204 restitutione,
943 2151 997 2192 de
1039 2151 1349 2207 eleemosynis,
1384 2152 1438 2193 de
1466 2151 1653 2207 jejunio,
1688 2153 1742 2194 de

40 2220 254 2275 oratione,
288 2221 342 2263 de
374 2222 653 2277 correptione
685 2220 886 2262 fraterna
915 2221 1209 2263 remittantur
1241 2223 1298 2265 ad
1330 2227 1354 2266 2
1377 2223 1437 2265 H.

181 2293 327 2334 Multa
358 2293 509 2347 etiam,
541 2308 655 2348 quae
689 2293 746 2335 ad
778 2308 904 2335 casus
936 2294 1237 2335 conscientiae
1276 2298 1503 2350 spectant,
1542 2294 1743 2349 relinqui

40 2369 242 2420 possunt,
274 2369 324 2405 ut
357 2365 562 2421 superius
593 2370 865 2407 annotatum
898 2369 976 2406 est.

678 2462 748 2510 De
789 2462 1114 2510 Matrimonio.

184 2554 497 2596 Omittendum
537 2555 717 2597 videtur
746 2555 865 2611 quod
904 2571 930 2596 a
962 2555 1234 2610 quibusdam
1276 2555 1350 2596 hic
1399 2558 1639 2607 tractatur,
1685 2567 1744 2594 an

43 2626 287 2681 virginitas
319 2626 378 2667 sit
408 2626 566 2681 virtus,
599 2631 644 2667 et
676 2628 823 2682 qualis
855 2627 1015 2669 virtus.

186 2699 258 2738 An
277 2697 547 2739 maleficium
561 2698 783 2739 maleficio
803 2698 945 2754 possit
965 2697 1166 2751 dissolvi,
1183 2697 1425 2754 pertineret
1441 2712 1547 2738 sane
1562 2696 1619 2738 ad
1634 2699 1660 2740 2
1677 2696 1743 2748 113

44 2767 118 2808 secl
151 2767 363 2822 quoniam
396 2767 452 2808 ad
485 2783 585 2809 eum
618 2769 766 2810 locum
797 2783 898 2810 raro
931 2769 1215 2826 pervenitur,
1248 2773 1292 2810 et
1324 2768 1596 2810 maleficium
1628 2768 1747 2808 inter

44 2839 318 2880 matrimonii
353 2838 675 2895 impedimenta
706 2844 985 2894 numeratur,
1019 2839 1297 2881 commodius
1329 2839 1403 2881 hic
1445 2839 1626 2881 videtur
1657 2836 1747 2877 col-

0 2918 1 2930 *
44 2909 300 2952 locandum.

188 2981 254 3022 De
277 2981 531 3022 substantia
552 2982 662 3036 voti,
685 2986 778 3024 tam
800 2983 1019 3038 simplicis
1042 2997 1177 3038 quam
1198 2982 1424 3036 solemnis,
1456 2978 1745 3022 tractandum

45 3052 197 3107 potius
228 3052 409 3094 Videtur
440 3052 488 3092 in
521 3055 546 3095 2
569 3052 615 3093 Π
648 3068 782 3107 quam
815 3054 902 3095 hic.
