2143 3462
122 769 278 793 Avmlemia
300 770 334 793 :ul

153 805 306 835 magistros

124 840 335 865 instituendos.

142 1348 280 1372 Rhetoros

106 1386 196 1408 nostri
218 1392 315 1414 quom.

355 168 442 211 270
560 178 671 214 Ratio
700 178 904 214 studiorum
931 184 969 216 et
994 179 1250 216 institutiones
1277 178 1518 221 scholasticae
1544 178 1742 214 Societatis
1768 178 1859 215 Jesu
1884 178 1922 214 II

353 296 580 352 aliquibus
623 297 885 352 regionibus
924 297 1202 339 Provinciali
1241 296 1484 351 videretur,
1532 297 1602 338 his
1640 297 1775 339 etiam
1807 297 2089 354 temporibus

352 366 483 408 facile
505 381 632 423 posse
654 368 776 409 hunc
799 369 937 410 latine
957 367 1173 424 loquendi
1194 382 1326 409 usum
1346 367 1543 409 retineri.
1593 367 1875 415 Faciendum
1897 382 2089 424 quoque,

353 442 404 479 ut
435 438 598 492 nostri,
632 439 710 494 qui
741 439 943 481 nondum
969 438 1119 481 studia
1141 438 1451 492 absolverunt,
1487 438 1654 492 literas,
1687 453 1789 480 cum
1822 438 1879 481 ad
1910 442 2087 480 nostros

353 508 577 563 scribunt,
628 509 828 551 scribant
874 511 1028 553 latine.
1091 509 1171 551 Bis
1217 513 1450 566 praeterea
1497 509 1570 551 vel
1616 513 1684 550 ter
1721 509 1770 551 in
1809 524 1941 564 anno,
1990 523 2091 551 cum

353 578 506 634 aliqua
539 579 786 635 celebr-itae,
828 586 880 622 ut
911 580 1220 622 renovationis
1252 579 1504 622 studiorum
1537 584 1616 622 aut
1647 584 1881 635 votorum,
1925 579 2090 636 agitur,

353 649 618 707 Philosophi
641 650 778 693 etiam
801 666 852 693 ac
868 650 1089 706 Theologi
1113 651 1361 692 carminum
1385 650 1559 707 aliquid
1581 650 1778 693 condant
1800 650 2091 707 affigantque.

497 768 546 814 9.
579 770 645 811 Ne
693 769 904 824 Magistri
951 768 1161 810 classium
1206 769 1471 811 inferiorum
1518 769 1708 811 docendi
1747 768 1880 811 rudes
1917 769 1974 811 ad
2018 768 2094 811 do-

355 840 547 882 cendum
598 840 838 894 accedant,
895 839 1108 895 Collegii,
1160 855 1213 882 ex
1266 854 1354 895 quo
1407 838 1726 882 humaniorum
1775 840 2010 882 literarum
2050 843 2095 881 et

355 911 686 953 Grammaticae
739 911 950 966 Magistri
1004 911 1149 952 solent
1198 910 1349 964 educi,
1397 911 1566 952 Rector
1612 910 1786 966 deligat
1821 925 1965 952 unum
2016 910 2095 952 ali-

354 997 485 1037 quem
533 981 724 1023 docendi
769 980 1117 1037 peritissimum,
1168 981 1224 1022 ad
1273 996 1406 1037 quem
1447 981 1529 1023 sub
1569 981 1705 1023 finem
1743 981 1996 1024 studiorum
2027 985 2095 1023 ter

353 1053 401 1095 in
433 1052 717 1094 hebdomada
753 1067 832 1108 per
862 1051 1021 1094 horam
1053 1051 1329 1094 conveniant
1368 1051 1572 1109 proxime
1603 1050 1747 1094 futuri
1778 1052 2096 1108 Praeceptores

354 1123 409 1164 ad
450 1138 620 1165 novum
657 1122 929 1165 instituendi
965 1122 1300 1178 Magisterium,
1348 1123 1484 1179 idque
1531 1122 1732 1165 vicissim
1779 1122 2094 1180 praelegendo,

354 1194 588 1248 dictando,
627 1194 884 1248 scribendo,
925 1193 1205 1236 emendando
1245 1193 1423 1250 aliaque
1462 1193 1618 1236 munia
1652 1193 1758 1236 boni
1788 1193 2096 1251 Praeceptoris

355 1265 575 1308 obeundo,

494 1346 574 1393 10.
609 1347 659 1389 Si
698 1347 842 1389 nostri
880 1347 1105 1389 Rhetores
1143 1351 1187 1389 et
1223 1348 1524 1390 Humanistae
1573 1374 1626 1379 ——
1674 1350 1820 1391 nostri
1859 1349 2096 1391 rhetoricae

171 1428 210 1443 ¹‘¹
237 1427 295 1443 '¹‘¹·
354 1423 391 1461 et
423 1420 713 1460 lzzmnaw'z'atc's
746 1419 968 1460 auditores
1006 1445 1055 1449 —
1090 1419 1163 1460 vel
1197 1418 1254 1460 ad
1285 1417 1489 1474 publicas
1528 1434 1619 1461 non
1664 1419 1883 1462 accedunt
1928 1419 2097 1476 praele-

148 2518 266 2542 lssxterni
288 2517 323 2542 ad

146 2554 327 2578 Riwl.0ri('flm

165 2589 313 2613 hortandi.

355 1490 537 1545 ctioneS,
571 1490 644 1533 vel
690 1490 910 1532 accedunt
949 1489 1152 1545 quidem,
1200 1489 1237 1531 is
1275 1493 1452 1544 tamen,
1499 1490 1576 1545 qui
1623 1490 1801 1532 scholae
1838 1494 2014 1547 praeest
2053 1494 2098 1532 et

355 1566 563 1603 externos
595 1561 840 1617 discipulos
874 1565 1075 1615 exercet,
1107 1575 1200 1603 non
1231 1564 1380 1617 potest
1410 1560 1553 1603 nimio
1585 1561 1774 1604 fortasse
1807 1560 1933 1603 oneri
1955 1564 2098 1603 exter-

354 1647 516 1674 norum
549 1637 593 1673 et
623 1636 881 1673 nostrorum
913 1631 1051 1688 probe
1084 1631 1468 1673 instituendorum
1500 1632 1723 1687 sufficere,
1756 1636 1934 1674 nostros
1966 1631 2097 1674 alteri

355 1702 550 1759 cuipiam
599 1702 760 1744 idoneo
798 1703 968 1744 Rector
1010 1703 1288 1757 committat,
1337 1717 1362 1744 a
1402 1717 1490 1759 quo
1530 1718 1584 1744 ex
1615 1702 1812 1745 formula
1847 1703 1896 1744 in
1927 1702 2098 1759 regulis

354 1773 624 1815 Professoris
654 1773 927 1815 Rhetoricae
969 1773 1249 1830 praescripta
1285 1773 1409 1815 domi
1447 1773 1665 1831 privatim
1698 1773 1940 1829 diligenter
1976 1787 2098 1815 exer-

355 1848 557 1892 ceantur,

487 1927 558 1973 11.
577 1928 745 1971 Videat
753 1929 902 1983 etiam,
920 1932 972 1969 ut
982 1927 1211 1968 interdum
1338 1926 1407 1973 11.
1441 1927 1608 1971 Videat
1625 1928 1782 1983 etiam,
1802 1931 1856 1969 ut
1870 1925 2097 1968 interdum

353 1998 529 2053 aliquae
553 2014 578 2040 a
599 1999 766 2040 nostris
784 1998 1092 2051 Rhetoricisl)
1114 2012 1210 2039 ora·
1228 2030 1230 2054 Ι
1250 1997 1401 2054 aliqua
1434 2013 1459 2040 a
1491 1999 1658 2041 nostris
1690 1998 1942 2040 rhetoricae
1974 1996 2099 2039 audi-

352 2070 498 2111 tiones
550 2075 629 2111 aut
681 2075 890 2127 poemata
941 2069 1082 2111 latine
1135 2069 1207 2111 vel
1246 2070 1420 2111 toribus
1482 2069 1751 2112 declamatio
1813 2068 1956 2111 latine
2024 2068 2099 2110 vel

354 2155 514 2195 graece
547 2146 644 2182 tum
676 2141 724 2182 in
753 2155 907 2182 mensa
938 2139 1206 2194 habeantur,
1247 2155 1404 2196 graece
1462 2141 1536 2184 vel
1595 2141 1837 2184 vernacule
1895 2144 1992 2181 tum
2050 2139 2099 2180 in

1247 2226 1399 2253 mensa
1430 2211 1651 2254 habeatur

353 2287 451 2324 tum
482 2283 529 2324 in
551 2283 654 2325 aula
685 2283 739 2325 de
771 2297 818 2324 re
850 2283 1001 2338 aliqua
1034 2282 1091 2324 ad
1124 2282 1484 2324 aedificationem
1518 2283 1868 2324 domesticorum
1894 2286 1939 2323 et
1959 2284 2101 2322 exter-

353 2368 514 2395 norum
536 2354 805 2411 pertinente,
832 2369 920 2410 qua
940 2353 996 2396 ad
1015 2352 1286 2410 perfectiora
1308 2354 1355 2395 in
1379 2353 1574 2395 Domino
1597 2353 1873 2406 animentur3
1897 2352 2100 2406 aliaeque

355 2425 698 2467 exercitationes
728 2439 821 2467 non
855 2424 1015 2478 desint,
1048 2439 1161 2480 quae
1192 2424 1242 2466 in
1262 2424 1678 2468 Constitutionibus
1711 2423 2099 2466 commendantur.

498 2518 574 2565 12.
608 2520 871 2562 Curandum
903 2524 982 2573 est,
1015 2524 1067 2561 ut
1101 2519 1275 2560 alumni
1306 2518 1451 2560 nostri
1484 2518 1580 2559 sive
1603 2518 1884 2560 convictores
1916 2530 2101 2568 annum,

359 2590 506 2645 quoad
528 2590 622 2645 ejus
643 2591 737 2632 fieri
760 2596 930 2647 potest,
950 2590 1244 2632 Rhetoricam
1267 2589 1477 2644 audiant,
1498 2593 1742 2644 antequam
1759 2587 2102 2644 Philosophiam

357 2661 694 2716 aggrediantur,
735 2676 977 2717 eorumque
1009 2660 1287 2717 parentibUS,
1328 2664 1550 2715 quantum
1582 2659 1628 2701 id
1660 2658 1889 2716 expediat,
1922 2658 2103 2699 demon-

357 2731 605 2773 strandum.
670 2732 867 2774 Caeteris
921 2747 1099 2788 quoque
1155 2730 1352 2773 externis
1404 2731 1524 2773 idem
1572 2729 1872 2784 suadendum,
1919 2728 2018 2785 qui,
2065 2727 2103 2769 si

360 2803 513 2845 volent
545 2803 841 2844 nihilominus
875 2803 1013 2845 aliam
1045 2803 1265 2844 rationem
1299 2801 1446 2857 sequi,
1487 2801 1680 2857 cogendi
1718 2814 1812 2841 non
1844 2802 1990 2840 erunt.
2055 2797 2104 2840 Si

357 2874 434 2929 qui
469 2880 623 2915 tamen
656 2874 802 2915 adhuc
834 2874 968 2930 plane
999 2873 1127 2930 pueri
1159 2872 1218 2914 ad
1237 2871 1582 2929 Philosophiam
1613 2870 1759 2913 velint
1791 2868 2015 2923 accedere,
2048 2882 2103 2909 ex

357 2944 522 2999 quibus
554 2943 837 3000 perturbatio
870 2943 1021 3000 potius
1053 2943 1281 2998 timeatur,
1313 2947 1463 2999 posset
1495 2957 1597 2985 cum
1629 2941 1685 2982 iis
1717 2940 1813 2997 agi,
1847 2939 1968 2995 quod
2000 2953 2102 2980 cum

506 3074 515 3092 ¹
545 3074 609 3107 Dic
635 3077 782 3116 §patero
812 3074 898 3109 Itcd.
927 3079 1033 3109 unter
1060 3071 1275 3116 Aquaviva:
1305 3084 1325 3106 a
1351 3072 1488 3107 nostris
1516 3070 1735 3106 Rhetoricae
1761 3068 2004 3105 auditoribus.
