<?xml version="1.0" encoding="UTF-8"?>
<!DOCTYPE html PUBLIC "-//W3C//DTD XHTML 1.0 Transitional//EN"
    "http://www.w3.org/TR/xhtml1/DTD/xhtml1-transitional.dtd">
<html xmlns="http://www.w3.org/1999/xhtml" xml:lang="en" lang="en">
 <head>
  <title>
</title>
<meta http-equiv="Content-Type" content="text/html;charset=utf-8" />
  <meta name='ocr-system' content='tesseract 3.04.00' />
  <meta name='ocr-capabilities' content='ocr_page ocr_carea ocr_par ocr_line ocrx_word'/>
</head>
<body>
  <div class='ocr_page' id='page_1' title='image "./ratiostudiorumet05jesu_0167.png"; bbox 0 0 2148 3402; ppageno 0'>
   <div class='ocr_carea' id='block_1_1' title="bbox 543 180 1765 235">
    <p class='ocr_par' dir='ltr' id='par_1_1' title="bbox 543 180 1765 235">
     <span class='ocr_line' id='line_1_1' title="bbox 543 180 1765 235; baseline -0.007 -5"><span class='ocrx_word' id='word_1_1' title='bbox 543 195 586 229; x_wconf 81' lang='lat' dir='ltr'>R.</span> <span class='ocrx_word' id='word_1_2' title='bbox 612 198 658 229; x_wconf 86' lang='lat' dir='ltr'>st.</span> <span class='ocrx_word' id='word_1_3' title='bbox 686 194 788 229; x_wconf 88' lang='lat'>1586.</span> <span class='ocrx_word' id='word_1_4' title='bbox 837 191 1090 228; x_wconf 78' lang='lat' dir='ltr'>Humanitatis</span> <span class='ocrx_word' id='word_1_5' title='bbox 1116 191 1298 235; x_wconf 81' lang='lat' dir='ltr'><strong>magistri.</strong></span> <span class='ocrx_word' id='word_1_6' title='bbox 1685 180 1765 222; x_wconf 80' lang='grc'>151</span> 
     </span>
    </p>
   </div>
   <div class='ocr_carea' id='block_1_2' title="bbox 77 309 1775 1156">
    <p class='ocr_par' dir='ltr' id='par_1_2' title="bbox 77 309 1775 1156">
     <span class='ocr_line' id='line_1_2' title="bbox 77 309 1770 370; baseline -0.004 -12"><span class='ocrx_word' id='word_1_7' title='bbox 77 315 249 358; x_wconf 80' lang='lat' dir='ltr'>radices</span> <span class='ocrx_word' id='word_1_8' title='bbox 281 314 330 356; x_wconf 90' lang='lat' dir='ltr'>in</span> <span class='ocrx_word' id='word_1_9' title='bbox 360 312 737 370; x_wconf 79' lang='lat' dir='ltr'>Philosophorum</span> <span class='ocrx_word' id='word_1_10' title='bbox 769 310 1164 368; x_wconf 70' lang='lat' dir='ltr'>speculationibus.</span> <span class='ocrx_word' id='word_1_11' title='bbox 1230 309 1402 359; x_wconf 79' lang='lat' dir='ltr'>Quinto</span> <span class='ocrx_word' id='word_1_12' title='bbox 1437 310 1770 352; x_wconf 81' lang='lat' dir='ltr'>Grammaticae</span> 
     </span>
     <span class='ocr_line' id='line_1_3' title="bbox 79 380 1770 440; baseline -0.003 -12"><span class='ocrx_word' id='word_1_13' title='bbox 79 386 228 428; x_wconf 87' lang='lat' dir='ltr'>studia</span> <span class='ocrx_word' id='word_1_14' title='bbox 248 384 525 427; x_wconf 87' lang='lat' dir='ltr'>alacritatem</span> <span class='ocrx_word' id='word_1_15' title='bbox 554 382 780 440; x_wconf 89' lang='lat' dir='ltr'>quandam</span> <span class='ocrx_word' id='word_1_16' title='bbox 811 381 1060 424; x_wconf 89' lang='lat' dir='ltr'>iuuenilem</span> <span class='ocrx_word' id='word_1_17' title='bbox 1093 380 1369 434; x_wconf 74' lang='lat' dir='ltr'>desiderant,</span> <span class='ocrx_word' id='word_1_18' title='bbox 1405 385 1449 422; x_wconf 91' lang='lat' dir='ltr'>et</span> <span class='ocrx_word' id='word_1_19' title='bbox 1480 381 1569 422; x_wconf 86' lang='lat' dir='ltr'>nisi</span> <span class='ocrx_word' id='word_1_20' title='bbox 1602 397 1627 423; x_wconf 92' lang='lat' dir='ltr'>a</span> <span class='ocrx_word' id='word_1_21' title='bbox 1658 397 1770 438; x_wconf 87' lang='lat' dir='ltr'>pene</span> 
     </span>
     <span class='ocr_line' id='line_1_4' title="bbox 78 452 1771 514; baseline -0.002 -15"><span class='ocrx_word' id='word_1_22' title='bbox 78 457 227 514; x_wconf 89' lang='lat' dir='ltr'>pueris</span> <span class='ocrx_word' id='word_1_23' title='bbox 259 456 565 509; x_wconf 88' lang='lat' dir='ltr'>decurrantur,</span> <span class='ocrx_word' id='word_1_24' title='bbox 597 468 689 496; x_wconf 89' lang='lat' dir='ltr'>non</span> <span class='ocrx_word' id='word_1_25' title='bbox 718 457 907 510; x_wconf 90' lang='lat' dir='ltr'>possunt</span> <span class='ocrx_word' id='word_1_26' title='bbox 939 452 1163 494; x_wconf 86' lang='lat' dir='ltr'>vberiores</span> <span class='ocrx_word' id='word_1_27' title='bbox 1193 452 1367 494; x_wconf 86' lang='lat' dir='ltr'>fructus</span> <span class='ocrx_word' id='word_1_28' title='bbox 1399 467 1424 493; x_wconf 93' lang='lat' dir='ltr'>a</span> <span class='ocrx_word' id='word_1_29' title='bbox 1456 454 1771 508; x_wconf 81' lang='lat' dir='ltr'>grandioribus</span> 
     </span>
     <span class='ocr_line' id='line_1_5' title="bbox 80 523 1768 584; baseline -0.002 -14"><span class='ocrx_word' id='word_1_30' title='bbox 80 527 321 584; x_wconf 86' lang='lat' dir='ltr'>expectari:</span> <span class='ocrx_word' id='word_1_31' title='bbox 370 527 408 568; x_wconf 88' lang='lat' dir='ltr'>si</span> <span class='ocrx_word' id='word_1_32' title='bbox 439 525 548 582; x_wconf 88' lang='lat' dir='ltr'>quid</span> <span class='ocrx_word' id='word_1_33' title='bbox 579 539 684 568; x_wconf 88' lang='lat' dir='ltr'>vero</span> <span class='ocrx_word' id='word_1_34' title='bbox 716 523 967 566; x_wconf 87' lang='lat' dir='ltr'>iunioribus</span> <span class='ocrx_word' id='word_1_35' title='bbox 998 523 1120 565; x_wconf 90' lang='lat' dir='ltr'>deest</span> <span class='ocrx_word' id='word_1_36' title='bbox 1152 523 1423 578; x_wconf 86' lang='lat' dir='ltr'>autoritatis,</span> <span class='ocrx_word' id='word_1_37' title='bbox 1456 528 1534 566; x_wconf 91' lang='lat' dir='ltr'>aut</span> <span class='ocrx_word' id='word_1_38' title='bbox 1566 527 1768 581; x_wconf 70' lang='lat' dir='ltr'>vsuperi-</span> 
     </span>
     <span class='ocr_line' id='line_1_6' title="bbox 79 594 1772 653; baseline -0.001 -13"><span class='ocrx_word' id='word_1_39' title='bbox 79 599 181 653; x_wconf 89' lang='lat' dir='ltr'>tiae,</span> <span class='ocrx_word' id='word_1_40' title='bbox 222 598 354 640; x_wconf 89' lang='lat' dir='ltr'>facile</span> <span class='ocrx_word' id='word_1_41' title='bbox 393 602 460 639; x_wconf 88' lang='lat' dir='ltr'>est</span> <span class='ocrx_word' id='word_1_42' title='bbox 496 595 692 653; x_wconf 86' lang='lat' dir='ltr'>suppleri</span> <span class='ocrx_word' id='word_1_43' title='bbox 731 610 756 636; x_wconf 90' lang='lat' dir='ltr'>a</span> <span class='ocrx_word' id='word_1_44' title='bbox 787 594 1036 649; x_wconf 88' lang='lat' dir='ltr'>Praefecto,</span> <span class='ocrx_word' id='word_1_45' title='bbox 1076 596 1154 650; x_wconf 89' lang='lat' dir='ltr'>qui</span> <span class='ocrx_word' id='word_1_46' title='bbox 1188 595 1522 637; x_wconf 76' lang='lat' dir='ltr'>Grammaticae</span> <span class='ocrx_word' id='word_1_47' title='bbox 1555 596 1772 639; x_wconf 84' lang='lat' dir='ltr'>classibus</span> 
     </span>
     <span class='ocr_line' id='line_1_7' title="bbox 79 666 1771 722; baseline -0.002 -10"><span class='ocrx_word' id='word_1_48' title='bbox 79 670 233 712; x_wconf 84' lang='lat' dir='ltr'>sedulo</span> <span class='ocrx_word' id='word_1_49' title='bbox 257 669 440 711; x_wconf 83' lang='lat' dir='ltr'>assistit.</span> <span class='ocrx_word' id='word_1_50' title='bbox 494 668 631 710; x_wconf 83' lang='lat' dir='ltr'>Sexto</span> <span class='ocrx_word' id='word_1_51' title='bbox 652 671 718 708; x_wconf 90' lang='lat' dir='ltr'>est</span> <span class='ocrx_word' id='word_1_52' title='bbox 748 666 884 708; x_wconf 88' lang='lat' dir='ltr'>etiam</span> <span class='ocrx_word' id='word_1_53' title='bbox 915 666 998 708; x_wconf 93' lang='lat' dir='ltr'>hoc</span> <span class='ocrx_word' id='word_1_54' title='bbox 1029 666 1310 722; x_wconf 86' lang='lat' dir='ltr'>probationis</span> <span class='ocrx_word' id='word_1_55' title='bbox 1342 681 1497 722; x_wconf 80' lang='lat' dir='ltr'>genUS,</span> <span class='ocrx_word' id='word_1_56' title='bbox 1530 670 1595 721; x_wconf 86' lang='lat' dir='ltr'>vt,</span> <span class='ocrx_word' id='word_1_57' title='bbox 1628 666 1771 722; x_wconf 84' lang='lat' dir='ltr'>prius-</span> 
     </span>
     <span class='ocr_line' id='line_1_8' title="bbox 79 737 1772 797; baseline -0.002 -14"><span class='ocrx_word' id='word_1_58' title='bbox 79 755 214 797; x_wconf 85' lang='lat' dir='ltr'>quam</span> <span class='ocrx_word' id='word_1_59' title='bbox 246 745 374 782; x_wconf 89' lang='lat' dir='ltr'>tanto</span> <span class='ocrx_word' id='word_1_60' title='bbox 406 739 557 782; x_wconf 90' lang='lat' dir='ltr'>labore</span> <span class='ocrx_word' id='word_1_61' title='bbox 589 742 634 780; x_wconf 90' lang='lat' dir='ltr'>et</span> <span class='ocrx_word' id='word_1_62' title='bbox 664 742 850 795; x_wconf 90' lang='lat' dir='ltr'>sumptu</span> <span class='ocrx_word' id='word_1_63' title='bbox 874 737 1115 779; x_wconf 83' lang='lat' dir='ltr'>Societatis</span> <span class='ocrx_word' id='word_1_64' title='bbox 1147 742 1327 779; x_wconf 89' lang='lat' dir='ltr'>nostrae</span> <span class='ocrx_word' id='word_1_65' title='bbox 1359 737 1472 779; x_wconf 88' lang='lat' dir='ltr'>fiant</span> <span class='ocrx_word' id='word_1_66' title='bbox 1491 737 1772 795; x_wconf 81' lang='lat' dir='ltr'>Philosophi,</span> 
     </span>
     <span class='ocr_line' id='line_1_9' title="bbox 80 808 1773 868; baseline -0.002 -14"><span class='ocrx_word' id='word_1_67' title='bbox 80 811 252 868; x_wconf 82' lang='lat' dir='ltr'>aliquid</span> <span class='ocrx_word' id='word_1_68' title='bbox 271 811 487 853; x_wconf 86' lang='lat' dir='ltr'>vtilitatis</span> <span class='ocrx_word' id='word_1_69' title='bbox 509 810 729 866; x_wconf 83' lang='lat' dir='ltr'>incipiant</span> <span class='ocrx_word' id='word_1_70' title='bbox 751 809 907 851; x_wconf 84' lang='lat' dir='ltr'>afferre</span> <span class='ocrx_word' id='word_1_71' title='bbox 929 812 973 850; x_wconf 89' lang='lat' dir='ltr'>et</span> <span class='ocrx_word' id='word_1_72' title='bbox 994 809 1245 866; x_wconf 85' lang='lat' dir='ltr'>periculum</span> <span class='ocrx_word' id='word_1_73' title='bbox 1268 809 1338 850; x_wconf 88' lang='lat' dir='ltr'>sui</span> <span class='ocrx_word' id='word_1_74' title='bbox 1358 808 1504 850; x_wconf 88' lang='lat' dir='ltr'>facere</span> <span class='ocrx_word' id='word_1_75' title='bbox 1526 809 1575 850; x_wconf 89' lang='lat' dir='ltr'>in</span> <span class='ocrx_word' id='word_1_76' title='bbox 1606 809 1773 851; x_wconf 88' lang='lat' dir='ltr'>nostris</span> 
     </span>
     <span class='ocr_line' id='line_1_10' title="bbox 80 878 1775 939; baseline -0.001 -14"><span class='ocrx_word' id='word_1_77' title='bbox 80 882 363 939; x_wconf 88' lang='lat' dir='ltr'>ministerijs:</span> <span class='ocrx_word' id='word_1_78' title='bbox 394 883 540 938; x_wconf 87' lang='lat' dir='ltr'>magis</span> <span class='ocrx_word' id='word_1_79' title='bbox 571 896 677 924; x_wconf 89' lang='lat' dir='ltr'>vero</span> <span class='ocrx_word' id='word_1_80' title='bbox 710 880 911 922; x_wconf 90' lang='lat' dir='ltr'>docendo</span> <span class='ocrx_word' id='word_1_81' title='bbox 945 895 1079 936; x_wconf 89' lang='lat' dir='ltr'>quam</span> <span class='ocrx_word' id='word_1_82' title='bbox 1112 878 1323 922; x_wconf 81' lang='lat' dir='ltr'>discendo</span> <span class='ocrx_word' id='word_1_83' title='bbox 1357 881 1632 936; x_wconf 82' lang='lat' dir='ltr'>agnoscitur,</span> <span class='ocrx_word' id='word_1_84' title='bbox 1666 881 1775 936; x_wconf 88' lang='lat' dir='ltr'>quid</span> 
     </span>
     <span class='ocr_line' id='line_1_11' title="bbox 81 951 1774 1011; baseline -0.002 -15"><span class='ocrx_word' id='word_1_85' title='bbox 81 954 267 1010; x_wconf 89' lang='lat' dir='ltr'>quisque</span> <span class='ocrx_word' id='word_1_86' title='bbox 283 957 514 1011; x_wconf 89' lang='lat' dir='ltr'>praestare</span> <span class='ocrx_word' id='word_1_87' title='bbox 530 952 683 1009; x_wconf 88' lang='lat' dir='ltr'>possit.</span> <span class='ocrx_word' id='word_1_88' title='bbox 727 952 788 993; x_wconf 87' lang='lat' dir='ltr'>Et</span> <span class='ocrx_word' id='word_1_89' title='bbox 807 952 844 993; x_wconf 91' lang='lat' dir='ltr'>si</span> <span class='ocrx_word' id='word_1_90' title='bbox 862 957 968 993; x_wconf 90' lang='lat' dir='ltr'>ante</span> <span class='ocrx_word' id='word_1_91' title='bbox 980 951 1317 1008; x_wconf 83' lang='lat' dir='ltr'>Philosophiam</span> <span class='ocrx_word' id='word_1_92' title='bbox 1336 966 1475 1007; x_wconf 89' lang='lat' dir='ltr'>graue</span> <span class='ocrx_word' id='word_1_93' title='bbox 1493 952 1629 994; x_wconf 89' lang='lat' dir='ltr'>alicui</span> <span class='ocrx_word' id='word_1_94' title='bbox 1649 952 1774 994; x_wconf 82' lang='lat' dir='ltr'>vide-</span> 
     </span>
     <span class='ocr_line' id='line_1_12' title="bbox 79 1023 1773 1080; baseline -0.002 -13"><span class='ocrx_word' id='word_1_95' title='bbox 79 1030 201 1067; x_wconf 91' lang='lat' dir='ltr'>retur</span> <span class='ocrx_word' id='word_1_96' title='bbox 233 1025 289 1067; x_wconf 88' lang='lat' dir='ltr'>ad</span> <span class='ocrx_word' id='word_1_97' title='bbox 329 1024 576 1067; x_wconf 85' lang='lat' dir='ltr'>docendam</span> <span class='ocrx_word' id='word_1_98' title='bbox 608 1023 962 1065; x_wconf 79' lang='lat' dir='ltr'>Grammaticam</span> <span class='ocrx_word' id='word_1_99' title='bbox 1005 1023 1282 1078; x_wconf 80' lang='lat' dir='ltr'>descendere,</span> <span class='ocrx_word' id='word_1_100' title='bbox 1326 1023 1404 1065; x_wconf 90' lang='lat' dir='ltr'>fiet</span> <span class='ocrx_word' id='word_1_101' title='bbox 1433 1028 1536 1080; x_wconf 89' lang='lat' dir='ltr'>post</span> <span class='ocrx_word' id='word_1_102' title='bbox 1567 1023 1773 1065; x_wconf 90' lang='lat' dir='ltr'>Philoso-</span> 
     </span>
     <span class='ocr_line' id='line_1_13' title="bbox 79 1094 1774 1156; baseline -0.002 -17"><span class='ocrx_word' id='word_1_103' title='bbox 79 1097 235 1155; x_wconf 85' lang='lat' dir='ltr'>phiam</span> <span class='ocrx_word' id='word_1_104' title='bbox 254 1096 457 1139; x_wconf 86' lang='lat' dir='ltr'>fortassis</span> <span class='ocrx_word' id='word_1_105' title='bbox 478 1097 800 1150; x_wconf 86' lang='lat' dir='ltr'>contumacior,</span> <span class='ocrx_word' id='word_1_106' title='bbox 824 1095 944 1151; x_wconf 89' lang='lat' dir='ltr'>quod</span> <span class='ocrx_word' id='word_1_107' title='bbox 961 1094 1264 1156; x_wconf 84' lang='lat' dir='ltr'>Philosophus</span> <span class='ocrx_word' id='word_1_108' title='bbox 1281 1095 1371 1136; x_wconf 90' lang='lat' dir='ltr'>iam</span> <span class='ocrx_word' id='word_1_109' title='bbox 1388 1110 1481 1137; x_wconf 90' lang='lat' dir='ltr'>non</span> <span class='ocrx_word' id='word_1_110' title='bbox 1503 1109 1774 1151; x_wconf 80' lang='lat' dir='ltr'>magnopere</span> 
     </span>
    </p>
   </div>
   <div class='ocr_carea' id='block_1_3' title="bbox 80 1166 1887 1224">
    <p class='ocr_par' dir='ltr' id='par_1_3' title="bbox 80 1166 1887 1224">
     <span class='ocr_line' id='line_1_14' title="bbox 80 1166 1887 1224; baseline -0.002 -14"><span class='ocrx_word' id='word_1_111' title='bbox 80 1168 288 1210; x_wconf 89' lang='lat' dir='ltr'>Videatur</span> <span class='ocrx_word' id='word_1_112' title='bbox 319 1172 473 1210; x_wconf 89' lang='lat' dir='ltr'>nostra</span> <span class='ocrx_word' id='word_1_113' title='bbox 503 1182 635 1224; x_wconf 89' lang='lat' dir='ltr'>opera</span> <span class='ocrx_word' id='word_1_114' title='bbox 666 1166 890 1223; x_wconf 83' lang='lat' dir='ltr'>indigere,</span> <span class='ocrx_word' id='word_1_115' title='bbox 937 1182 1039 1209; x_wconf 87' lang='lat' dir='ltr'>cum</span> <span class='ocrx_word' id='word_1_116' title='bbox 1071 1182 1120 1208; x_wconf 91' lang='lat' dir='ltr'>eo</span> <span class='ocrx_word' id='word_1_117' title='bbox 1154 1166 1213 1208; x_wconf 88' lang='lat' dir='ltr'>sit</span> <span class='ocrx_word' id='word_1_118' title='bbox 1251 1168 1255 1222; x_wconf 91' lang='grc' dir='ltr'>Ι</span> <span class='ocrx_word' id='word_1_119' title='bbox 1289 1171 1550 1223; x_wconf 88' lang='lat' dir='ltr'>prouectus,</span> <span class='ocrx_word' id='word_1_120' title='bbox 1597 1171 1648 1209; x_wconf 86' lang='lat' dir='ltr'>vt</span> <span class='ocrx_word' id='word_1_121' title='bbox 1689 1167 1775 1208; x_wconf 82' lang='lat' dir='ltr'>sibi</span> <span class='ocrx_word' id='word_1_122' title='bbox 1836 1186 1850 1208; x_wconf 75' lang='lat'>2</span> <span class='ocrx_word' id='word_1_123' title='bbox 1883 1197 1887 1206; x_wconf 82' lang='grc'>,</span> 
     </span>
    </p>
   </div>
   <div class='ocr_carea' id='block_1_4' title="bbox 80 1238 1784 3155">
    <p class='ocr_par' dir='ltr' id='par_1_4' title="bbox 80 1238 1784 3155">
     <span class='ocr_line' id='line_1_15' title="bbox 80 1238 1776 1296; baseline -0.001 -15"><span class='ocrx_word' id='word_1_124' title='bbox 80 1239 168 1296; x_wconf 92' lang='lat' dir='ltr'>ipsi</span> <span class='ocrx_word' id='word_1_125' title='bbox 198 1239 307 1281; x_wconf 89' lang='lat' dir='ltr'>satis</span> <span class='ocrx_word' id='word_1_126' title='bbox 338 1254 430 1281; x_wconf 88' lang='lat' dir='ltr'>esse</span> <span class='ocrx_word' id='word_1_127' title='bbox 460 1240 613 1296; x_wconf 87' lang='lat' dir='ltr'>possit.</span> <span class='ocrx_word' id='word_1_128' title='bbox 668 1238 872 1295; x_wconf 83' lang='lat' dir='ltr'>Septimo</span> <span class='ocrx_word' id='word_1_129' title='bbox 904 1242 1085 1295; x_wconf 89' lang='lat' dir='ltr'>peracto</span> <span class='ocrx_word' id='word_1_130' title='bbox 1114 1238 1433 1295; x_wconf 89' lang='lat' dir='ltr'>Philosophiae</span> <span class='ocrx_word' id='word_1_131' title='bbox 1465 1253 1598 1280; x_wconf 90' lang='lat' dir='ltr'>cursu</span> <span class='ocrx_word' id='word_1_132' title='bbox 1629 1239 1776 1280; x_wconf 87' lang='lat' dir='ltr'>solent</span> 
     </span>
     <span class='ocr_line' id='line_1_16' title="bbox 80 1309 1775 1367; baseline 0 -16"><span class='ocrx_word' id='word_1_133' title='bbox 80 1324 172 1352; x_wconf 90' lang='lat' dir='ltr'>non</span> <span class='ocrx_word' id='word_1_134' title='bbox 202 1310 335 1367; x_wconf 90' lang='lat' dir='ltr'>pauci</span> <span class='ocrx_word' id='word_1_135' title='bbox 365 1309 452 1352; x_wconf 86' lang='lat' dir='ltr'>sibi</span> <span class='ocrx_word' id='word_1_136' title='bbox 489 1311 784 1367; x_wconf 85' lang='lat' dir='ltr'>praestituere</span> <span class='ocrx_word' id='word_1_137' title='bbox 815 1310 937 1353; x_wconf 86' lang='lat' dir='ltr'>vitae</span> <span class='ocrx_word' id='word_1_138' title='bbox 977 1310 1204 1367; x_wconf 87' lang='lat' dir='ltr'>quendam</span> <span class='ocrx_word' id='word_1_139' title='bbox 1241 1315 1426 1364; x_wconf 88' lang='lat' dir='ltr'>statum,</span> <span class='ocrx_word' id='word_1_140' title='bbox 1466 1309 1522 1351; x_wconf 91' lang='lat' dir='ltr'>ad</span> <span class='ocrx_word' id='word_1_141' title='bbox 1561 1325 1692 1366; x_wconf 90' lang='lat' dir='ltr'>quem</span> <span class='ocrx_word' id='word_1_142' title='bbox 1730 1325 1775 1351; x_wconf 89' lang='lat' dir='ltr'>se</span> 
     </span>
     <span class='ocr_line' id='line_1_17' title="bbox 80 1381 1774 1440; baseline 0 -17"><span class='ocrx_word' id='word_1_143' title='bbox 80 1382 228 1438; x_wconf 88' lang='lat' dir='ltr'>magis</span> <span class='ocrx_word' id='word_1_144' title='bbox 270 1397 362 1425; x_wconf 88' lang='lat' dir='ltr'>esse</span> <span class='ocrx_word' id='word_1_145' title='bbox 401 1382 587 1424; x_wconf 90' lang='lat' dir='ltr'>idoneos</span> <span class='ocrx_word' id='word_1_146' title='bbox 618 1383 690 1425; x_wconf 78' lang='lat' dir='ltr'>vel</span> <span class='ocrx_word' id='word_1_147' title='bbox 729 1397 972 1440; x_wconf 89' lang='lat' dir='ltr'>propensos</span> <span class='ocrx_word' id='word_1_148' title='bbox 1010 1382 1290 1439; x_wconf 90' lang='lat' dir='ltr'>intelligunt.</span> <span class='ocrx_word' id='word_1_149' title='bbox 1359 1383 1519 1438; x_wconf 84' lang='lat' dir='ltr'>Itaque</span> <span class='ocrx_word' id='word_1_150' title='bbox 1557 1382 1622 1423; x_wconf 91' lang='lat' dir='ltr'>ita</span> <span class='ocrx_word' id='word_1_151' title='bbox 1653 1381 1774 1437; x_wconf 89' lang='lat' dir='ltr'>cogi-</span> 
     </span>
     <span class='ocr_line' id='line_1_18' title="bbox 82 1452 1776 1510; baseline 0.001 -16"><span class='ocrx_word' id='word_1_152' title='bbox 82 1452 277 1495; x_wconf 90' lang='lat' dir='ltr'>tationes</span> <span class='ocrx_word' id='word_1_153' title='bbox 307 1468 409 1495; x_wconf 89' lang='lat' dir='ltr'>suas</span> <span class='ocrx_word' id='word_1_154' title='bbox 440 1457 484 1495; x_wconf 87' lang='lat' dir='ltr'>et</span> <span class='ocrx_word' id='word_1_155' title='bbox 515 1453 664 1496; x_wconf 90' lang='lat' dir='ltr'>studia</span> <span class='ocrx_word' id='word_1_156' title='bbox 695 1453 846 1495; x_wconf 91' lang='lat' dir='ltr'>omnia</span> <span class='ocrx_word' id='word_1_157' title='bbox 878 1454 1181 1507; x_wconf 87' lang='lat' dir='ltr'>moderantur,</span> <span class='ocrx_word' id='word_1_158' title='bbox 1214 1458 1267 1497; x_wconf 86' lang='lat' dir='ltr'>vt</span> <span class='ocrx_word' id='word_1_159' title='bbox 1293 1453 1472 1510; x_wconf 82' lang='lat' dir='ltr'>exigere</span> <span class='ocrx_word' id='word_1_160' title='bbox 1494 1453 1776 1495; x_wconf 87' lang='lat' dir='ltr'>arbitrantur</span> 
     </span>
     <span class='ocr_line' id='line_1_19' title="bbox 81 1524 1777 1581; baseline -0.001 -14"><span class='ocrx_word' id='word_1_161' title='bbox 81 1524 441 1581; x_wconf 87' lang='lat' dir='ltr'>praeiudicatum</span> <span class='ocrx_word' id='word_1_162' title='bbox 472 1525 603 1567; x_wconf 89' lang='lat' dir='ltr'>illum</span> <span class='ocrx_word' id='word_1_163' title='bbox 635 1528 821 1567; x_wconf 88' lang='lat' dir='ltr'>statum:</span> <span class='ocrx_word' id='word_1_164' title='bbox 874 1540 928 1567; x_wconf 85' lang='lat' dir='ltr'>ex</span> <span class='ocrx_word' id='word_1_165' title='bbox 961 1540 1049 1581; x_wconf 93' lang='lat' dir='ltr'>quo</span> <span class='ocrx_word' id='word_1_166' title='bbox 1081 1525 1146 1579; x_wconf 87' lang='lat' dir='ltr'>fit,</span> <span class='ocrx_word' id='word_1_167' title='bbox 1187 1530 1239 1567; x_wconf 86' lang='lat' dir='ltr'>vt</span> <span class='ocrx_word' id='word_1_168' title='bbox 1277 1540 1433 1567; x_wconf 87' lang='lat' dir='ltr'>eorum</span> <span class='ocrx_word' id='word_1_169' title='bbox 1470 1525 1645 1566; x_wconf 89' lang='lat' dir='ltr'>animus</span> <span class='ocrx_word' id='word_1_170' title='bbox 1677 1538 1777 1580; x_wconf 86' lang='lat' dir='ltr'>pro-</span> 
     </span>
     <span class='ocr_line' id='line_1_20' title="bbox 82 1595 1777 1653; baseline -0.002 -14"><span class='ocrx_word' id='word_1_171' title='bbox 82 1596 190 1653; x_wconf 87' lang='lat' dir='ltr'>prijs</span> <span class='ocrx_word' id='word_1_172' title='bbox 241 1596 510 1653; x_wconf 89' lang='lat' dir='ltr'>quibusdam</span> <span class='ocrx_word' id='word_1_173' title='bbox 560 1597 816 1639; x_wconf 89' lang='lat' dir='ltr'>rationibus</span> <span class='ocrx_word' id='word_1_174' title='bbox 867 1602 912 1638; x_wconf 92' lang='lat' dir='ltr'>et</span> <span class='ocrx_word' id='word_1_175' title='bbox 970 1595 1170 1652; x_wconf 84' lang='lat' dir='ltr'>consilijs</span> <span class='ocrx_word' id='word_1_176' title='bbox 1222 1600 1577 1653; x_wconf 88' lang='lat' dir='ltr'>praeoccupatus</span> <span class='ocrx_word' id='word_1_177' title='bbox 1628 1595 1777 1637; x_wconf 88' lang='lat' dir='ltr'>minus</span> 
     </span>
     <span class='ocr_line' id='line_1_21' title="bbox 83 1669 1777 1726; baseline -0.001 -15"><span class='ocrx_word' id='word_1_178' title='bbox 83 1669 233 1725; x_wconf 86' lang='lat' dir='ltr'>quiete</span> <span class='ocrx_word' id='word_1_179' title='bbox 265 1684 316 1711; x_wconf 88' lang='lat' dir='ltr'>ac</span> <span class='ocrx_word' id='word_1_180' title='bbox 345 1669 484 1711; x_wconf 90' lang='lat' dir='ltr'>libere</span> <span class='ocrx_word' id='word_1_181' title='bbox 517 1669 574 1711; x_wconf 87' lang='lat' dir='ltr'>ad</span> <span class='ocrx_word' id='word_1_182' title='bbox 606 1684 866 1726; x_wconf 89' lang='lat' dir='ltr'>progressus</span> <span class='ocrx_word' id='word_1_183' title='bbox 896 1669 944 1710; x_wconf 85' lang='lat' dir='ltr'>in</span> <span class='ocrx_word' id='word_1_184' title='bbox 976 1683 1023 1710; x_wconf 83' lang='lat' dir='ltr'>re</span> <span class='ocrx_word' id='word_1_185' title='bbox 1044 1669 1354 1710; x_wconf 74' lang='lat' dir='ltr'>Grammatica</span> <span class='ocrx_word' id='word_1_186' title='bbox 1375 1672 1470 1710; x_wconf 88' lang='lat' dir='ltr'>tam</span> <span class='ocrx_word' id='word_1_187' title='bbox 1492 1682 1607 1722; x_wconf 89' lang='lat' dir='ltr'>suos,</span> <span class='ocrx_word' id='word_1_188' title='bbox 1642 1681 1777 1723; x_wconf 88' lang='lat' dir='ltr'>quam</span> 
     </span>
     <span class='ocr_line' id='line_1_22' title="bbox 83 1738 1777 1797; baseline -0.001 -15"><span class='ocrx_word' id='word_1_189' title='bbox 83 1755 265 1782; x_wconf 88' lang='lat' dir='ltr'>suorum</span> <span class='ocrx_word' id='word_1_190' title='bbox 294 1755 535 1797; x_wconf 87' lang='lat' dir='ltr'>puerorum</span> <span class='ocrx_word' id='word_1_191' title='bbox 567 1741 709 1797; x_wconf 87' lang='lat' dir='ltr'>possit</span> <span class='ocrx_word' id='word_1_192' title='bbox 741 1740 918 1782; x_wconf 89' lang='lat' dir='ltr'>aduerti</span> <span class='ocrx_word' id='word_1_193' title='bbox 950 1744 1027 1782; x_wconf 86' lang='lat' dir='ltr'>aut</span> <span class='ocrx_word' id='word_1_194' title='bbox 1058 1740 1249 1784; x_wconf 84' lang='lat' dir='ltr'>intendi.</span> <span class='ocrx_word' id='word_1_195' title='bbox 1310 1740 1366 1781; x_wconf 82' lang='lat' dir='ltr'>Id</span> <span class='ocrx_word' id='word_1_196' title='bbox 1396 1754 1501 1782; x_wconf 86' lang='lat' dir='ltr'>vero</span> <span class='ocrx_word' id='word_1_197' title='bbox 1535 1743 1639 1781; x_wconf 90' lang='lat' dir='ltr'>ante</span> <span class='ocrx_word' id='word_1_198' title='bbox 1670 1738 1777 1780; x_wconf 91' lang='lat' dir='ltr'>Phi-</span> 
     </span>
     <span class='ocr_line' id='line_1_23' title="bbox 82 1810 1779 1869; baseline -0.001 -16"><span class='ocrx_word' id='word_1_199' title='bbox 82 1810 334 1868; x_wconf 86' lang='lat' dir='ltr'>losophiam</span> <span class='ocrx_word' id='word_1_200' title='bbox 365 1811 444 1854; x_wconf 85' lang='lat' dir='ltr'>vix</span> <span class='ocrx_word' id='word_1_201' title='bbox 475 1811 656 1854; x_wconf 87' lang='lat' dir='ltr'>accidit.</span> <span class='ocrx_word' id='word_1_202' title='bbox 720 1811 869 1861; x_wconf 77' lang='lat' dir='ltr'>Quare</span> <span class='ocrx_word' id='word_1_203' title='bbox 902 1827 946 1853; x_wconf 90' lang='lat' dir='ltr'>se</span> <span class='ocrx_word' id='word_1_204' title='bbox 977 1816 1096 1854; x_wconf 88' lang='lat' dir='ltr'>totos</span> <span class='ocrx_word' id='word_1_205' title='bbox 1129 1816 1361 1869; x_wconf 84' lang='lat' dir='ltr'>exponunt</span> <span class='ocrx_word' id='word_1_206' title='bbox 1392 1815 1471 1853; x_wconf 89' lang='lat' dir='ltr'>aut</span> <span class='ocrx_word' id='word_1_207' title='bbox 1503 1813 1779 1867; x_wconf 87' lang='lat' dir='ltr'>componunt</span> 
     </span>
     <span class='ocr_line' id='line_1_24' title="bbox 84 1880 1780 1940; baseline -0.002 -15"><span class='ocrx_word' id='word_1_208' title='bbox 84 1883 142 1925; x_wconf 83' lang='lat' dir='ltr'>ad</span> <span class='ocrx_word' id='word_1_209' title='bbox 173 1883 424 1940; x_wconf 87' lang='lat' dir='ltr'>Superioris</span> <span class='ocrx_word' id='word_1_210' title='bbox 456 1883 738 1926; x_wconf 89' lang='lat' dir='ltr'>arbitratum.</span> <span class='ocrx_word' id='word_1_211' title='bbox 813 1883 1017 1926; x_wconf 84' lang='lat' dir='ltr'>Tandem</span> <span class='ocrx_word' id='word_1_212' title='bbox 1048 1884 1185 1925; x_wconf 89' lang='lat' dir='ltr'>Pater</span> <span class='ocrx_word' id='word_1_213' title='bbox 1225 1881 1429 1924; x_wconf 89' lang='lat' dir='ltr'>Annibal</span> <span class='ocrx_word' id='word_1_214' title='bbox 1470 1880 1688 1923; x_wconf 82' lang='lat' dir='ltr'>Codretus</span> <span class='ocrx_word' id='word_1_215' title='bbox 1730 1880 1780 1921; x_wconf 91' lang='lat' dir='ltr'>in</span> 
     </span>
     <span class='ocr_line' id='line_1_25' title="bbox 83 1951 1780 2011; baseline -0.002 -15"><span class='ocrx_word' id='word_1_216' title='bbox 83 1953 226 1996; x_wconf 88' lang='lat' dir='ltr'>literis</span> <span class='ocrx_word' id='word_1_217' title='bbox 256 1954 600 1997; x_wconf 88' lang='lat' dir='ltr'>humanioribus</span> <span class='ocrx_word' id='word_1_218' title='bbox 631 1956 811 2011; x_wconf 86' lang='lat' dir='ltr'>egregie</span> <span class='ocrx_word' id='word_1_219' title='bbox 842 1959 1045 1997; x_wconf 84' lang='lat' dir='ltr'>versatus</span> <span class='ocrx_word' id='word_1_220' title='bbox 1076 1954 1255 2011; x_wconf 87' lang='lat' dir='ltr'>scripsit</span> <span class='ocrx_word' id='word_1_221' title='bbox 1277 1969 1299 1996; x_wconf 91' lang='lat' dir='ltr'>e</span> <span class='ocrx_word' id='word_1_222' title='bbox 1321 1953 1485 2007; x_wconf 76' lang='lat' dir='ltr'>Gallia,</span> <span class='ocrx_word' id='word_1_223' title='bbox 1518 1951 1780 1994; x_wconf 83' lang='lat' dir='ltr'>enitendum</span> 
     </span>
     <span class='ocr_line' id='line_1_26' title="bbox 84 2022 1782 2083; baseline -0.002 -16"><span class='ocrx_word' id='word_1_224' title='bbox 84 2040 176 2067; x_wconf 89' lang='lat' dir='ltr'>esse</span> <span class='ocrx_word' id='word_1_225' title='bbox 214 2040 498 2083; x_wconf 89' lang='lat' dir='ltr'>magnopere,</span> <span class='ocrx_word' id='word_1_226' title='bbox 537 2030 600 2081; x_wconf 86' lang='lat' dir='ltr'>vt,</span> <span class='ocrx_word' id='word_1_227' title='bbox 647 2026 726 2083; x_wconf 90' lang='lat' dir='ltr'>qui</span> <span class='ocrx_word' id='word_1_228' title='bbox 767 2027 1124 2069; x_wconf 77' lang='lat' dir='ltr'>Grainmaticam</span> <span class='ocrx_word' id='word_1_229' title='bbox 1158 2025 1335 2068; x_wconf 87' lang='lat' dir='ltr'>docturi</span> <span class='ocrx_word' id='word_1_230' title='bbox 1370 2028 1489 2079; x_wconf 87' lang='lat' dir='ltr'>sunt,</span> <span class='ocrx_word' id='word_1_231' title='bbox 1529 2023 1645 2065; x_wconf 87' lang='lat' dir='ltr'>nihil</span> <span class='ocrx_word' id='word_1_232' title='bbox 1677 2022 1782 2065; x_wconf 92' lang='lat' dir='ltr'>Phi-</span> 
     </span>
     <span class='ocr_line' id='line_1_27' title="bbox 84 2094 1782 2154; baseline -0.002 -16"><span class='ocrx_word' id='word_1_233' title='bbox 84 2096 312 2154; x_wconf 90' lang='lat' dir='ltr'>losophiae</span> <span class='ocrx_word' id='word_1_234' title='bbox 345 2102 476 2140; x_wconf 88' lang='lat' dir='ltr'>antea</span> <span class='ocrx_word' id='word_1_235' title='bbox 508 2097 874 2154; x_wconf 85' lang='lat' dir='ltr'>degustauerint:</span> <span class='ocrx_word' id='word_1_236' title='bbox 919 2098 999 2139; x_wconf 92' lang='lat' dir='ltr'>illa</span> <span class='ocrx_word' id='word_1_237' title='bbox 1031 2097 1152 2139; x_wconf 87' lang='lat' dir='ltr'>enim</span> <span class='ocrx_word' id='word_1_238' title='bbox 1184 2097 1247 2138; x_wconf 93' lang='lat' dir='ltr'>sic</span> <span class='ocrx_word' id='word_1_239' title='bbox 1279 2096 1392 2138; x_wconf 88' lang='lat' dir='ltr'>solet</span> <span class='ocrx_word' id='word_1_240' title='bbox 1424 2095 1602 2137; x_wconf 88' lang='lat' dir='ltr'>animus</span> <span class='ocrx_word' id='word_1_241' title='bbox 1634 2094 1782 2136; x_wconf 87' lang='lat' dir='ltr'>absor-</span> 
     </span>
     <span class='ocr_line' id='line_1_28' title="bbox 90 2165 1782 2227; baseline -0.002 -18"><span class='ocrx_word' id='word_1_242' title='bbox 90 2167 198 2223; x_wconf 89' lang='lat' dir='ltr'>beri,</span> <span class='ocrx_word' id='word_1_243' title='bbox 241 2168 303 2211; x_wconf 90' lang='lat' dir='ltr'>sic</span> <span class='ocrx_word' id='word_1_244' title='bbox 333 2168 482 2225; x_wconf 88' lang='lat' dir='ltr'>plures</span> <span class='ocrx_word' id='word_1_245' title='bbox 513 2169 562 2211; x_wconf 89' lang='lat' dir='ltr'>in</span> <span class='ocrx_word' id='word_1_246' title='bbox 592 2173 742 2227; x_wconf 82' lang='lat' dir='ltr'>partes</span> <span class='ocrx_word' id='word_1_247' title='bbox 773 2184 900 2211; x_wconf 88' lang='lat' dir='ltr'>mens</span> <span class='ocrx_word' id='word_1_248' title='bbox 933 2169 1136 2223; x_wconf 88' lang='lat' dir='ltr'>distrahi,</span> <span class='ocrx_word' id='word_1_249' title='bbox 1170 2168 1234 2210; x_wconf 91' lang='lat' dir='ltr'>sic</span> <span class='ocrx_word' id='word_1_250' title='bbox 1266 2181 1409 2209; x_wconf 88' lang='lat' dir='ltr'>sermo</span> <span class='ocrx_word' id='word_1_251' title='bbox 1441 2167 1611 2209; x_wconf 88' lang='lat' dir='ltr'>latinus</span> <span class='ocrx_word' id='word_1_252' title='bbox 1634 2165 1782 2221; x_wconf 87' lang='lat' dir='ltr'>inqui-</span> 
     </span>
     <span class='ocr_line' id='line_1_29' title="bbox 85 2237 1782 2298; baseline -0.002 -18"><span class='ocrx_word' id='word_1_253' title='bbox 85 2239 198 2294; x_wconf 84' lang='lat' dir='ltr'>nari,</span> <span class='ocrx_word' id='word_1_254' title='bbox 251 2244 303 2281; x_wconf 91' lang='lat' dir='ltr'>vt</span> <span class='ocrx_word' id='word_1_255' title='bbox 341 2241 422 2283; x_wconf 87' lang='lat' dir='ltr'>vix</span> <span class='ocrx_word' id='word_1_256' title='bbox 466 2255 667 2297; x_wconf 88' lang='lat' dir='ltr'>vnquam</span> <span class='ocrx_word' id='word_1_257' title='bbox 714 2246 868 2298; x_wconf 90' lang='lat' dir='ltr'>postea</span> <span class='ocrx_word' id='word_1_258' title='bbox 915 2241 1088 2282; x_wconf 90' lang='lat' dir='ltr'>soleant</span> <span class='ocrx_word' id='word_1_259' title='bbox 1126 2240 1283 2282; x_wconf 86' lang='lat' dir='ltr'>Nostri</span> <span class='ocrx_word' id='word_1_260' title='bbox 1329 2238 1563 2295; x_wconf 90' lang='lat' dir='ltr'>egregium</span> <span class='ocrx_word' id='word_1_261' title='bbox 1609 2237 1782 2292; x_wconf 90' lang='lat' dir='ltr'>aliquid</span> 
     </span>
     <span class='ocr_line' id='line_1_30' title="bbox 86 2308 1780 2366; baseline -0.001 -15"><span class='ocrx_word' id='word_1_262' title='bbox 86 2314 315 2366; x_wconf 88' lang='lat' dir='ltr'>praestare</span> <span class='ocrx_word' id='word_1_263' title='bbox 345 2310 395 2353; x_wconf 90' lang='lat' dir='ltr'>in</span> <span class='ocrx_word' id='word_1_264' title='bbox 424 2311 589 2354; x_wconf 87' lang='lat' dir='ltr'>litteris</span> <span class='ocrx_word' id='word_1_265' title='bbox 621 2311 976 2354; x_wconf 89' lang='lat' dir='ltr'>humanioribus.</span> <span class='ocrx_word' id='word_1_266' title='bbox 1031 2311 1391 2354; x_wconf 84' lang='lat' dir='ltr'>Constitutiones</span> <span class='ocrx_word' id='word_1_267' title='bbox 1422 2309 1560 2351; x_wconf 90' lang='lat' dir='ltr'>etiam</span> <span class='ocrx_word' id='word_1_268' title='bbox 1590 2311 1630 2352; x_wconf 83' lang='lat'>4.</span> <span class='ocrx_word' id='word_1_269' title='bbox 1654 2308 1780 2349; x_wconf 91' lang='lat' dir='ltr'>Part.</span> 
     </span>
     <span class='ocr_line' id='line_1_31' title="bbox 88 2379 1780 2439; baseline -0.002 -16"><span class='ocrx_word' id='word_1_270' title='bbox 88 2397 182 2439; x_wconf 90' lang='lat' dir='ltr'>cap.</span> <span class='ocrx_word' id='word_1_271' title='bbox 208 2385 248 2426; x_wconf 85' lang='lat'>9.</span> <span class='ocrx_word' id='word_1_272' title='bbox 270 2385 308 2436; x_wconf 69' lang='grc' dir='ltr'>ἓ.</span> <span class='ocrx_word' id='word_1_273' title='bbox 332 2386 371 2426; x_wconf 83' lang='grc'>2.</span> <span class='ocrx_word' id='word_1_274' title='bbox 404 2382 512 2425; x_wconf 88' lang='lat' dir='ltr'>dum</span> <span class='ocrx_word' id='word_1_275' title='bbox 545 2388 766 2438; x_wconf 90' lang='lat' dir='ltr'>statuunt,</span> <span class='ocrx_word' id='word_1_276' title='bbox 800 2383 1023 2426; x_wconf 87' lang='lat' dir='ltr'>ordinarie</span> <span class='ocrx_word' id='word_1_277' title='bbox 1054 2397 1146 2424; x_wconf 88' lang='lat' dir='ltr'>non</span> <span class='ocrx_word' id='word_1_278' title='bbox 1177 2397 1269 2424; x_wconf 87' lang='lat' dir='ltr'>esse</span> <span class='ocrx_word' id='word_1_279' title='bbox 1300 2383 1490 2423; x_wconf 82' lang='lat' dir='ltr'>Nostros</span> <span class='ocrx_word' id='word_1_280' title='bbox 1519 2396 1541 2422; x_wconf 92' lang='lat' dir='ltr'>e</span> <span class='ocrx_word' id='word_1_281' title='bbox 1564 2379 1780 2435; x_wconf 75' lang='lat' dir='ltr'>Collegio,</span> 
     </span>
     <span class='ocr_line' id='line_1_32' title="bbox 87 2450 1781 2512; baseline -0.002 -17"><span class='ocrx_word' id='word_1_282' title='bbox 87 2453 137 2495; x_wconf 88' lang='lat' dir='ltr'>in</span> <span class='ocrx_word' id='word_1_283' title='bbox 179 2468 266 2509; x_wconf 88' lang='lat' dir='ltr'>quo</span> <span class='ocrx_word' id='word_1_284' title='bbox 298 2453 495 2496; x_wconf 90' lang='lat' dir='ltr'>didicere</span> <span class='ocrx_word' id='word_1_285' title='bbox 525 2454 881 2512; x_wconf 86' lang='lat' dir='ltr'>Philosophiam,</span> <span class='ocrx_word' id='word_1_286' title='bbox 922 2453 1188 2508; x_wconf 91' lang='lat' dir='ltr'>educendos,</span> <span class='ocrx_word' id='word_1_287' title='bbox 1231 2458 1476 2509; x_wconf 84' lang='lat' dir='ltr'>antequam</span> <span class='ocrx_word' id='word_1_288' title='bbox 1508 2450 1781 2506; x_wconf 84' lang='lat' dir='ltr'>Theologiae</span> 
     </span>
     <span class='ocr_line' id='line_1_33' title="bbox 89 2521 1782 2582; baseline -0.002 -16"><span class='ocrx_word' id='word_1_289' title='bbox 89 2523 198 2567; x_wconf 91' lang='lat' dir='ltr'>dent</span> <span class='ocrx_word' id='word_1_290' title='bbox 229 2539 425 2581; x_wconf 87' lang='lat' dir='ltr'>operam,</span> <span class='ocrx_word' id='word_1_291' title='bbox 456 2540 549 2568; x_wconf 90' lang='lat' dir='ltr'>non</span> <span class='ocrx_word' id='word_1_292' title='bbox 582 2526 767 2568; x_wconf 89' lang='lat' dir='ltr'>obscure</span> <span class='ocrx_word' id='word_1_293' title='bbox 798 2526 1073 2581; x_wconf 87' lang='lat' dir='ltr'>significant,</span> <span class='ocrx_word' id='word_1_294' title='bbox 1105 2524 1423 2582; x_wconf 88' lang='lat' dir='ltr'>Philosophiae</span> <span class='ocrx_word' id='word_1_295' title='bbox 1445 2527 1489 2565; x_wconf 94' lang='lat' dir='ltr'>et</span> <span class='ocrx_word' id='word_1_296' title='bbox 1509 2521 1782 2578; x_wconf 82' lang='lat' dir='ltr'>Theologiae</span> 
     </span>
     <span class='ocr_line' id='line_1_34' title="bbox 89 2594 1782 2654; baseline -0.002 -17"><span class='ocrx_word' id='word_1_297' title='bbox 89 2611 242 2639; x_wconf 90' lang='lat' dir='ltr'>cursus</span> <span class='ocrx_word' id='word_1_298' title='bbox 259 2611 351 2638; x_wconf 91' lang='lat' dir='ltr'>esse</span> <span class='ocrx_word' id='word_1_299' title='bbox 367 2597 706 2653; x_wconf 75' lang='lat' dir='ltr'>continuandos,</span> <span class='ocrx_word' id='word_1_300' title='bbox 727 2602 772 2640; x_wconf 93' lang='lat' dir='ltr'>et</span> <span class='ocrx_word' id='word_1_301' title='bbox 787 2602 1021 2654; x_wconf 83' lang='lat' dir='ltr'>propterea</span> <span class='ocrx_word' id='word_1_302' title='bbox 1031 2597 1387 2640; x_wconf 77' lang='lat' dir='ltr'>Grammaticam</span> <span class='ocrx_word' id='word_1_303' title='bbox 1397 2594 1589 2637; x_wconf 90' lang='lat' dir='ltr'>docendi</span> <span class='ocrx_word' id='word_1_304' title='bbox 1605 2601 1782 2649; x_wconf 86' lang='lat' dir='ltr'>tempus</span> 
     </span>
     <span class='ocr_line' id='line_1_35' title="bbox 88 2664 1783 2726; baseline -0.002 -17"><span class='ocrx_word' id='word_1_305' title='bbox 88 2681 181 2710; x_wconf 90' lang='lat' dir='ltr'>non</span> <span class='ocrx_word' id='word_1_306' title='bbox 202 2667 543 2724; x_wconf 88' lang='lat' dir='ltr'>Philosophiam</span> <span class='ocrx_word' id='word_1_307' title='bbox 573 2669 692 2711; x_wconf 90' lang='lat' dir='ltr'>inter</span> <span class='ocrx_word' id='word_1_308' title='bbox 720 2673 763 2711; x_wconf 91' lang='lat' dir='ltr'>et</span> <span class='ocrx_word' id='word_1_309' title='bbox 784 2668 1076 2726; x_wconf 84' lang='lat' dir='ltr'>Theologiam</span> <span class='ocrx_word' id='word_1_310' title='bbox 1105 2667 1497 2725; x_wconf 88' lang='lat' dir='ltr'>interponendum,</span> <span class='ocrx_word' id='word_1_311' title='bbox 1531 2665 1609 2707; x_wconf 91' lang='lat' dir='ltr'>sed</span> <span class='ocrx_word' id='word_1_312' title='bbox 1630 2664 1783 2706; x_wconf 89' lang='lat' dir='ltr'>Philo-</span> 
     </span>
     <span class='ocr_line' id='line_1_36' title="bbox 90 2735 1783 2796; baseline -0.002 -16"><span class='ocrx_word' id='word_1_313' title='bbox 90 2738 272 2795; x_wconf 88' lang='lat' dir='ltr'>sophiae</span> <span class='ocrx_word' id='word_1_314' title='bbox 302 2739 453 2796; x_wconf 87' lang='lat' dir='ltr'>potius</span> <span class='ocrx_word' id='word_1_315' title='bbox 481 2740 874 2795; x_wconf 87' lang='lat' dir='ltr'>praemittendum.</span> <span class='ocrx_word' id='word_1_316' title='bbox 922 2741 977 2782; x_wconf 86' lang='lat' dir='ltr'>Id</span> <span class='ocrx_word' id='word_1_317' title='bbox 1000 2740 1120 2796; x_wconf 90' lang='lat' dir='ltr'>quod</span> <span class='ocrx_word' id='word_1_318' title='bbox 1142 2740 1279 2781; x_wconf 91' lang='lat' dir='ltr'>etiam</span> <span class='ocrx_word' id='word_1_319' title='bbox 1302 2738 1604 2781; x_wconf 89' lang='lat' dir='ltr'>constitutum</span> <span class='ocrx_word' id='word_1_320' title='bbox 1625 2736 1714 2778; x_wconf 83' lang='lat' dir='ltr'>fuit</span> <span class='ocrx_word' id='word_1_321' title='bbox 1735 2735 1783 2776; x_wconf 91' lang='lat' dir='ltr'>in</span> 
     </span>
     <span class='ocr_line' id='line_1_37' title="bbox 90 2807 1780 2870; baseline 0.004 -19"><span class='ocrx_word' id='word_1_322' title='bbox 90 2810 367 2853; x_wconf 80' lang='lat' dir='ltr'>Prouinciali</span> <span class='ocrx_word' id='word_1_323' title='bbox 400 2811 761 2868; x_wconf 82' lang='lat' dir='ltr'>Congregatione</span> <span class='ocrx_word' id='word_1_324' title='bbox 792 2812 1012 2870; x_wconf 54' lang='lat' dir='ltr'>Rolmana</span> <span class='ocrx_word' id='word_1_325' title='bbox 1045 2812 1179 2853; x_wconf 86' lang='lat' dir='ltr'>Anno</span> <span class='ocrx_word' id='word_1_326' title='bbox 1215 2812 1339 2855; x_wconf 83' lang='lat'>1575.</span> <span class='ocrx_word' id='word_1_327' title='bbox 1374 2825 1469 2866; x_wconf 89' lang='lat' dir='ltr'>cap.</span> <span class='ocrx_word' id='word_1_328' title='bbox 1503 2811 1573 2853; x_wconf 78' lang='lat'>23.</span> <span class='ocrx_word' id='word_1_329' title='bbox 1633 2807 1780 2857; x_wconf 64' lang='lat' dir='ltr'>Quare</span> 
     </span>
     <span class='ocr_line' id='line_1_38' title="bbox 90 2877 1784 2940; baseline -0.003 -17"><span class='ocrx_word' id='word_1_330' title='bbox 90 2887 266 2938; x_wconf 90' lang='lat' dir='ltr'>praeter</span> <span class='ocrx_word' id='word_1_331' title='bbox 296 2882 565 2925; x_wconf 83' lang='lat' dir='ltr'>Rhetoricae</span> <span class='ocrx_word' id='word_1_332' title='bbox 598 2883 824 2938; x_wconf 86' lang='lat' dir='ltr'>Scholam,</span> <span class='ocrx_word' id='word_1_333' title='bbox 857 2898 971 2940; x_wconf 87' lang='lat' dir='ltr'>quae</span> <span class='ocrx_word' id='word_1_334' title='bbox 990 2882 1267 2939; x_wconf 87' lang='lat' dir='ltr'>Philosopho</span> <span class='ocrx_word' id='word_1_335' title='bbox 1288 2882 1484 2924; x_wconf 90' lang='lat' dir='ltr'>Doctore</span> <span class='ocrx_word' id='word_1_336' title='bbox 1507 2879 1688 2923; x_wconf 83' lang='lat' dir='ltr'>videtur</span> <span class='ocrx_word' id='word_1_337' title='bbox 1716 2877 1784 2918; x_wconf 93' lang='lat' dir='ltr'>in-</span> 
     </span>
     <span class='ocr_line' id='line_1_39' title="bbox 93 2951 1784 3012; baseline -0.004 -17"><span class='ocrx_word' id='word_1_338' title='bbox 93 2953 246 3009; x_wconf 88' lang='lat' dir='ltr'>digere</span> <span class='ocrx_word' id='word_1_339' title='bbox 283 2958 466 3012; x_wconf 90' lang='lat' dir='ltr'>propter</span> <span class='ocrx_word' id='word_1_340' title='bbox 503 2954 748 2997; x_wconf 85' lang='lat' dir='ltr'>maximam</span> <span class='ocrx_word' id='word_1_341' title='bbox 778 2954 913 2997; x_wconf 82' lang='lat' dir='ltr'>huius</span> <span class='ocrx_word' id='word_1_342' title='bbox 944 2954 1176 2997; x_wconf 87' lang='lat' dir='ltr'>facultatis</span> <span class='ocrx_word' id='word_1_343' title='bbox 1208 2968 1310 2996; x_wconf 90' lang='lat' dir='ltr'>cum</span> <span class='ocrx_word' id='word_1_344' title='bbox 1340 2951 1591 2995; x_wconf 88' lang='lat' dir='ltr'>Dialectica</span> <span class='ocrx_word' id='word_1_345' title='bbox 1622 2962 1784 3004; x_wconf 86' lang='lat' dir='ltr'>cogna-</span> 
     </span>
     <span class='ocr_line' id='line_1_40' title="bbox 92 3018 1784 3082; baseline -0.005 -15"><span class='ocrx_word' id='word_1_346' title='bbox 92 3024 276 3080; x_wconf 85' lang='lat' dir='ltr'>tionem,</span> <span class='ocrx_word' id='word_1_347' title='bbox 300 3030 345 3067; x_wconf 89' lang='lat' dir='ltr'>et</span> <span class='ocrx_word' id='word_1_348' title='bbox 361 3024 508 3067; x_wconf 88' lang='lat' dir='ltr'>adhuc</span> <span class='ocrx_word' id='word_1_349' title='bbox 524 3030 700 3082; x_wconf 91' lang='lat' dir='ltr'>praeter</span> <span class='ocrx_word' id='word_1_350' title='bbox 715 3025 1028 3069; x_wconf 87' lang='lat' dir='ltr'>Humanitatis</span> <span class='ocrx_word' id='word_1_351' title='bbox 1046 3025 1232 3068; x_wconf 84' lang='lat' dir='ltr'>classem</span> <span class='ocrx_word' id='word_1_352' title='bbox 1248 3024 1295 3066; x_wconf 87' lang='lat' dir='ltr'>in</span> <span class='ocrx_word' id='word_1_353' title='bbox 1312 3022 1538 3081; x_wconf 84' lang='lat' dir='ltr'>primarijs</span> <span class='ocrx_word' id='word_1_354' title='bbox 1558 3018 1784 3074; x_wconf 85' lang='lat' dir='ltr'>Collegijs,</span> 
     </span>
     <span class='ocr_line' id='line_1_41' title="bbox 93 3090 1784 3155; baseline -0.004 -17"><span class='ocrx_word' id='word_1_355' title='bbox 93 3095 257 3140; x_wconf 89' lang='lat' dir='ltr'>scholis</span> <span class='ocrx_word' id='word_1_356' title='bbox 273 3096 460 3140; x_wconf 88' lang='lat' dir='ltr'>caeteris</span> <span class='ocrx_word' id='word_1_357' title='bbox 476 3096 761 3155; x_wconf 88' lang='lat' dir='ltr'>praeficiendi</span> <span class='ocrx_word' id='word_1_358' title='bbox 779 3096 994 3140; x_wconf 87' lang='lat' dir='ltr'>videntur</span> <span class='ocrx_word' id='word_1_359' title='bbox 1008 3096 1211 3139; x_wconf 86' lang='lat' dir='ltr'>nondum</span> <span class='ocrx_word' id='word_1_360' title='bbox 1224 3094 1502 3151; x_wconf 89' lang='lat' dir='ltr'>Philosophi,</span> <span class='ocrx_word' id='word_1_361' title='bbox 1519 3092 1609 3134; x_wconf 90' lang='lat' dir='ltr'>nisi</span> <span class='ocrx_word' id='word_1_362' title='bbox 1623 3090 1784 3133; x_wconf 89' lang='lat' dir='ltr'>aetatis</span> 
     </span>
    </p>
   </div>
   <div class='ocr_carea' id='block_1_5' title="bbox 1803 2821 1904 2854">
    <p class='ocr_par' dir='ltr' id='par_1_5' title="bbox 1803 2821 1904 2854">
     <span class='ocr_line' id='line_1_42' title="bbox 1803 2821 1904 2854; baseline -0.01 -8"><span class='ocrx_word' id='word_1_363' title='bbox 1803 2831 1830 2854; x_wconf 83' lang='lat' dir='ltr'>p.</span> <span class='ocrx_word' id='word_1_364' title='bbox 1843 2821 1904 2847; x_wconf 81' lang='lat'>217.</span> 
     </span>
    </p>
   </div>
  </div>
 </body>
</html>
