2148 3402
529 177 571 211 R.
598 182 645 213 st.
676 179 776 214 1586.
827 179 1002 215 Delectus
1028 180 1235 224 opinionum
1262 182 1373 217 theol.

1718 178 1802 220 215

244 303 283 346 5.
318 300 642 344 Schismaticus
687 302 761 344 vel
808 302 1088 357 HaereticuS,
1135 317 1215 359 per
1261 304 1489 347 Ecclesiae
1534 309 1805 350 sententiam

101 373 344 429 praecisuS,
398 372 659 429 simpliciter
709 387 802 414 non
853 375 920 414 est
962 373 1190 416 Ecclesiae
1236 375 1500 430 membrum,
1554 392 1635 420 nec
1685 378 1806 420 intra

100 444 364 497 Ecclesiam,
396 443 485 485 nisi
516 443 778 501 imperfecto
812 443 1008 499 quodam
1039 444 1186 499 modo,
1219 446 1396 488 ratione
1429 446 1713 490 characteris,

242 531 282 571 6.
315 527 374 579 Is,
407 527 478 569 cui
510 527 583 569 vel
614 527 724 569 fides
756 527 957 582 interior,
991 528 1064 570 vel
1088 528 1372 584 baptismalis
1405 529 1639 572 character
1667 531 1802 573 deest‘

100 600 137 640 si
169 599 217 640 in
250 601 436 640 externo
469 598 595 640 cultu
618 598 1011 641 Sacramentorum
1044 604 1089 642 et
1120 599 1226 641 fidei
1248 601 1533 643 Professione
1565 617 1666 644 cum
1696 618 1804 645 vera

99 669 301 712 Ecclesia
333 669 649 723 communicat,
682 674 749 711 est
780 685 883 712 vere
916 674 961 712 et
992 671 1171 728 proprie
1201 671 1454 714 membrum
1481 673 1720 727 Ecclesiae,
1754 679 1805 716 ut

100 741 328 799 vilsibilis;
377 740 484 782 licet
523 740 734 797 putatiue
771 744 951 783 tantum
991 742 1050 783 sit
1089 742 1340 785 membrum
1373 743 1600 786 Ecclesiae
1631 744 1803 801 simpli·
1825 764 1931 795 μευ.

100 812 224 866 citer,
257 826 370 868 quae
402 810 661 854 interiorem
693 816 738 854 et
769 811 1036 854 exteriorem
1067 813 1202 855 fidem
1234 814 1498 870 cultumque
1530 815 1737 858 includit.

242 898 281 939 7.
314 896 408 937 Nec
448 896 681 952 Scriptura
718 894 866 937 verior
911 911 988 938 seu
1026 896 1230 938 veracior
1276 911 1412 952 quam
1454 897 1675 952 Ecclesia,
1722 913 1804 940 nec

98 967 301 1010 Ecclesia
332 982 469 1023 quam
491 966 744 1024 Scriptura:
777 966 854 1009 sed
886 966 1040 1009 eadem
1062 967 1300 1023 vtriusque
1320 972 1386 1009 est
1408 968 1577 1010 veritas
1609 969 1665 1010 ab
1698 971 1802 1011 assi·

99 1038 266 1081 stentia
298 1038 494 1095 Spiritus
526 1038 684 1081 sancti.

241 1124 280 1165 8.
312 1120 456 1163 Nobis
487 1120 669 1177 quidem
701 1121 851 1164 notior
883 1138 934 1164 ac
965 1122 1089 1178 prior
1112 1127 1180 1164 est
1202 1122 1428 1164 Ecclesiae
1450 1123 1629 1177 veritas,
1664 1140 1801 1180 quam

100 1193 376 1249 Scripturas:
411 1192 657 1235 secundum
690 1208 736 1234 se
768 1197 919 1235 autem
952 1198 997 1234 et
1028 1209 1081 1235 ex
1113 1199 1277 1235 natura
1298 1195 1363 1235 rei
1385 1194 1551 1237 veritas
1574 1195 1802 1238 Ecclesiae

96 1263 262 1320 pendet
293 1279 318 1305 a
351 1264 541 1306 veritate
574 1263 702 1306 verbi
735 1265 833 1319 Dei,
875 1280 976 1306 cum
1009 1265 1212 1307 Ecclesia
1242 1264 1358 1307 nihil
1390 1265 1590 1321 definiat,
1626 1267 1714 1309 nisi
1746 1283 1800 1309 ex

98 1335 235 1377 verbo
267 1335 352 1377 Dei
384 1336 551 1392 scripto
584 1336 656 1378 vel
688 1336 871 1378 tradito.

240 1423 280 1463 9.
314 1418 559 1474 Ecclesiae,
601 1434 716 1476 quae
748 1424 814 1462 est
846 1420 982 1463 iudex
1013 1425 1059 1462 et
1093 1421 1295 1463 animata
1326 1421 1411 1476 lex,
1443 1426 1642 1479 potestas
1673 1428 1799 1480 patet

93 1490 231 1532 latius
262 1505 397 1546 quam
430 1490 703 1547 Scripturae.

240 1576 306 1617 10.
342 1573 607 1630 Scripturae
640 1574 779 1616 verba
810 1575 947 1617 etiam
979 1591 1005 1618 a
1037 1575 1133 1618 Deo
1165 1580 1286 1630 sunt,
1327 1580 1371 1618 et
1410 1576 1620 1631 rationes,
1657 1582 1702 1619 et
1733 1578 1799 1620 fa-

97 1648 272 1686 ctorum
304 1644 600 1699 narrationes,
631 1659 744 1701 quae
766 1646 856 1688 tria
877 1661 968 1688 non
1001 1652 1108 1689 sunt
1129 1647 1176 1689 in
1196 1647 1423 1690 Ecclesiae
1455 1648 1795 1691 constitutioni-

93 1715 175 1757 bus
207 1731 379 1773 semper
411 1731 437 1757 a
468 1716 578 1771 Deo,
611 1715 688 1758 sed
719 1716 976 1759 substantia
1009 1717 1340 1763 definitionum.

454 1872 527 1920 De
566 1872 791 1922 Concilio
831 1878 879 1922 et
915 1873 1138 1924 Romano
1177 1874 1428 1924 Pontifice.

236 1981 272 2021 1.
308 1977 563 2019 Concilium
601 1979 807 2033 generale
853 1979 960 2021 licet
1001 1995 1027 2021 a
1073 1980 1296 2022 Pontifice
1339 1981 1548 2023 Romano
1591 1982 1795 2037 legitime

90 2052 415 2104 congregatum
447 2052 493 2090 et
523 2049 605 2091 sub
651 2049 745 2091 eius
784 2049 1041 2093 obedientia
1081 2066 1394 2108 perseueranS,
1433 2052 1795 2109 praesidentibus

91 2123 135 2160 et
168 2118 552 2161 consentientibus
584 2120 770 2177 Legatis
802 2121 1090 2178 Apostolicis,
1123 2123 1326 2166 nondum
1359 2128 1426 2166 est
1457 2125 1513 2166 de
1546 2124 1646 2166 fide.
1700 2126 1794 2167 Nec

90 2190 184 2232 eius
216 2190 393 2233 decreta
426 2191 532 2242 (nisi
562 2191 611 2233 in
643 2193 808 2235 summi
835 2193 1071 2236 Pontificis
1102 2195 1287 2252 speciali
1319 2195 1617 2238 instructione
1649 2201 1791 2239 conti—

89 2265 297 2316 neantur)
328 2267 434 2304 sunt
465 2262 518 2304 de
551 2262 651 2317 fide,
683 2268 927 2320 antequam
961 2281 987 2306 a
1019 2266 1144 2323 Papa
1175 2266 1515 2312 confirmentur.

232 2348 271 2389 2.
302 2345 370 2387 De
401 2345 522 2387 facto
555 2346 731 2388 nullum
763 2362 963 2403 vnquam
996 2349 1306 2391 Romanorum
1338 2350 1618 2393 Pontificum
1651 2351 1789 2394 fuisse

89 2415 363 2458 haereticum
407 2417 686 2473 probabilius
732 2422 798 2460 est
843 2421 888 2460 et
934 2435 960 2461 a
1000 2419 1176 2461 Nostris
1214 2425 1394 2463 strenue
1432 2421 1788 2466 defendendum:

88 2502 215 2543 posse
246 2502 353 2529 vero
375 2493 427 2530 vt
460 2487 688 2531 hominem
717 2490 721 2544 Ι
752 2505 802 2531 ac
834 2490 1076 2532 Doctorem
1109 2491 1338 2548 priuatum
1370 2492 1647 2536 haereticum
1680 2510 1785 2550 esse,
1809 2515 1912 2545 p.328.

89 2557 323 2613 probabile
359 2558 470 2601 facit
507 2560 788 2602 communior
821 2561 1202 2605 Scholasticorum
1242 2564 1421 2621 opinio,
1468 2565 1572 2607 licet
1611 2571 1789 2608 contra-

87 2628 205 2671 rium
236 2629 346 2672 satis
376 2630 449 2687 pie
480 2630 600 2673 credi
630 2632 783 2689 possit.

230 2717 270 2758 3.
303 2714 443 2770 Papa,
477 2713 514 2755 si
545 2719 693 2770 potest
723 2715 974 2759 haereticus
1006 2733 1111 2772 esse,
1144 2733 1237 2760 non
1268 2718 1434 2761 desinit
1464 2735 1557 2761 esse
1578 2735 1712 2763 verus
1744 2727 1788 2762 et

88 2783 322 2840 legitimus
354 2785 481 2841 Papa
511 2785 656 2842 prius,
696 2802 831 2842 quam
871 2787 1122 2831 declaretur
1159 2789 1409 2832 haereticus
1441 2792 1512 2834 vel
1546 2791 1644 2848 ipsa
1675 2792 1787 2834 facti

88 2855 372 2910 notorietate,
406 2856 477 2897 vel
509 2858 710 2912 generali
743 2858 817 2913 [-is
831 2860 864 2914 P]
900 2859 1091 2916 Concilij
1125 2862 1358 2903 sententia.

228 2942 269 2982 4.
302 2938 590 2981 Probabilius
621 2945 688 2982 est
719 2956 813 2983 non
844 2941 1007 2998 deponi
1039 2949 1151 2984 tunc
1181 2944 1353 3000 Papam
1387 2960 1412 2985 a
1435 2944 1639 2987 Concilio
1671 2944 1785 2986 iudi-

89 3008 226 3051 ciaria
257 3025 310 3051 ac
331 3010 558 3067 superiore
582 3015 817 3067 potestate,
850 3013 929 3055 sed
960 3029 986 3055 a
1005 3013 1101 3055 Deo
1121 3013 1395 3070 immediate,
1421 3016 1569 3072 posita
1591 3015 1782 3070 Concilij

90 3078 393 3124 declaratione
424 3085 476 3123 ut
509 3081 766 3125 conditione
796 3083 891 3126 sine
923 3098 1013 3141 qua
1044 3099 1149 3128 non.
