2089 3381
612 147 784 183 Max-chen
810 146 901 183 iiber
925 145 984 182 (116
1009 145 1052 180 R.
1079 148 1124 180 st.
1152 156 1184 180 v.
1213 146 1314 181 1586.
1753 135 1808 179 23

119 285 231 313 110116
263 283 288 311 a
320 268 390 311 ete
421 268 620 326 envoyee
652 268 705 310 de
737 270 855 310 cette
885 270 1011 308 note:
1045 265 1127 308 elle
1157 280 1270 307 nous
1303 280 1328 306 a
1350 279 1463 321 paru
1483 265 1687 308 d'autant
1709 267 1809 322 plus

117 340 423 395 interessante,
465 341 622 397 qu'elle
660 342 769 397 peut
804 338 944 380 servir
975 338 1001 379 a
1031 351 1236 394 prouver,
1271 351 1357 392 que
1389 335 1464 377 (166
1497 351 1544 377 06
1576 341 1718 394 temps
1750 338 1807 392 la,

119 427 168 454 06
199 411 333 453 Livre
365 411 477 454 etait
509 411 608 468 deja
637 408 824 467 regarde
857 423 1027 452 comme
1060 423 1123 451 un
1147 407 1357 463 Ouvrage
1379 406 1433 450 de
1454 407 1497 449 la
1517 407 1617 464 plus
1639 408 1808 465 grande

118 482 276 529 rarete,
339 483 406 527 La
436 483 575 526 voici:

401 556 502 610 (Hic
535 555 649 597 liber
679 553 899 597 Romanis
931 553 1213 597 Jesuitarum
1244 552 1387 609 Typis
1419 566 1537 594 anno
1573 553 1685 596 1586
1718 552 1809 594 edi-

328 630 413 680 tus,
461 626 715 669 Sententias
763 625 816 668 de
863 624 1354 668 Praedeterminatione
1400 623 1588 680 physica
1636 637 1712 665 seu
1754 623 1807 665 de

328 698 513 756 physico
546 698 631 740 Dei
662 697 711 740 in
743 712 898 740 causas
930 697 1145 739 secundas
1176 695 1368 749 influxu,
1400 710 1482 737 nec
1512 710 1605 737 non
1637 694 1690 736 de
1710 709 1810 750 gra-

328 770 448 813 tuita
480 770 537 812 ad
567 770 760 826 gloriam
798 768 1226 822 Praedestinatione,
1265 767 1448 823 insuper
1480 771 1525 808 et
1557 767 1667 808 alias
1698 766 1810 808 bene

330 841 497 883 multas
529 840 691 883 similis
722 841 933 898 ponderis
956 841 1291 894 Conclusiones‚
1326 844 1545 894 tanquam
1577 853 1602 880 a
1625 838 1806 880 Sanctis

329 913 588 968 Augustino
621 918 665 955 et
687 912 860 955 Thoma
887 915 1195 969 propugnatas
1218 925 1479 967 agnoscens,
1507 909 1684 952 felicem
1714 910 1807 965 [sic]

328 984 449 1041 apud
487 985 730 1027 Tolosanos
762 984 1087 1027 Dominicanos
1119 983 1285 1026 azilum
1318 982 1412 1040 [sic]
1447 981 1530 1024 sub
1562 981 1810 1038 multiplici

326 1070 426 1099 cera
448 1055 738 1112 obsignatum
758 1055 970 1110 obtinuit,
992 1070 1074 1098 nec
1091 1055 1186 1097 sine
1203 1053 1509 1096 efficacissima
1526 1053 1809 1109 omnipoten-

327 1127 386 1168 tis
426 1127 625 1170 numinis
667 1127 998 1184 dispensatione
1040 1126 1131 1168 dici
1175 1126 1340 1169 meruit
1371 1126 1509 1168 Liber
1541 1125 1807 1182 Singularis.

327 1197 503 1255 Quippe
534 1200 583 1240 in
615 1199 720 1241 orbe
750 1198 949 1241 literario
981 1198 1162 1241 relictus
1191 1202 1258 1240 est
1279 1197 1398 1240 solus
1422 1198 1484 1254 [?]‚
1505 1197 1809 1240 saevientibus

326 1269 692 1325 progenitoribus
733 1274 889 1312 contra
928 1274 1101 1312 caetera
1140 1269 1292 1312 omnia
1324 1269 1611 1326 exemplaria,
1645 1268 1809 1325 quibus

325 1341 624 1398 postmodum,
644 1357 803 1398 nempe
823 1356 940 1384 anno
960 1342 1132 1397 1606‚[!]
1149 1341 1273 1384 aliud
1290 1355 1561 1398 supposuere
1580 1340 1807 1395 volumen,

327 1412 508 1468 quidem
554 1412 751 1469 ejusdem
803 1413 1007 1456 officinae
1054 1412 1265 1467 nominis,
1313 1411 1391 1454 sed
1438 1412 1572 1467 longe
1619 1411 1810 1468 disparis

325 1483 531 1538 rationis,
563 1488 721 1541 utpote
752 1484 996 1542 multiplici
1016 1489 1110 1527 arte
1130 1483 1468 1539 interpolatum,
1490 1497 1572 1524 nec
1590 1482 1809 1525 hactenus

325 1555 607 1597 resarcitum:
640 1555 732 1598 imo
763 1571 1001 1611 nusquam,
1034 1560 1087 1598 ut
1118 1554 1335 1612 suspicari
1366 1553 1434 1595 fas
1467 1557 1547 1608 est,
1570 1554 1810 1596 resarcien-

328 1625 447 1668 dum.
523 1627 719 1683 Ideoque
765 1627 926 1683 majori
970 1626 1019 1669 in
1064 1626 1159 1668 dies
1205 1625 1444 1668 sedulitate
1491 1625 1810 1668 custodiendus

326 1695 465 1738 Liber
501 1696 585 1739 iste
622 1698 877 1753 perenniter
913 1697 1106 1751 illaesus,
1148 1697 1226 1754 qui
1258 1697 1447 1739 coelitus
1479 1697 1535 1739 ad
1566 1712 1648 1739 nos
1679 1697 1808 1739 venit

325 1767 373 1808 in
412 1767 733 1823 testimonium,
772 1774 824 1811 ut
861 1768 1187 1811 Testimonium
1219 1767 1482 1810 Perhiberet
1514 1767 1568 1810 de
1600 1768 1807 1822 Lumine,

325 1838 623 1895 multiplicem
654 1840 896 1882 veritatem
929 1839 1235 1894 confirmante,
1269 1844 1314 1881 et
1343 1839 1580 1881 Societatis
1606 1839 1810 1882 alumnos

325 1914 598 1966 provocante
628 1911 686 1953 ad
717 1911 995 1954 Thomistica
1026 1910 1239 1953 sectanda
1268 1911 1463 1967 vestigia
1485 1911 1700 1968 exemplis
1720 1912 1811 1953 Do-

326 1981 544 2024 minicani
577 1982 773 2037 Ordinis,
806 1986 983 2025 tantam
1011 1981 1116 2023 inde
1136 1981 1388 2024 haurientis
1409 1982 1600 2024 eximiae
1622 1982 1808 2025 eruditi-

327 2054 425 2095 onis
456 2053 723 2108 ubertatem,
755 2058 931 2096 tantam
961 2053 1260 2109 Theologicae
1288 2054 1460 2110 gloriae
1487 2054 1806 2109 celebritatem,

324 2128 587 2181 tantamque
616 2125 784 2168 illibati
814 2125 1071 2181 systematis
1101 2124 1394 2168 firmitatem.'

255 2195 397 2249 „L'on
416 2201 627 2253 rapporte
649 2212 820 2252 encore,
843 2212 928 2254 que
954 2196 1029 2238 feu
1051 2197 1110 2238 M.
1130 2196 1184 2238 de
1204 2196 1337 2251 Boze,
1362 2201 1503 2252 ayant
1525 2212 1579 2239 eu
1601 2197 1808 2239 connais-

114 2280 245 2308 sance
278 2266 332 2309 de
364 2271 432 2309 cet
464 2269 746 2325 exemplaire,
779 2283 834 2310 en
865 2267 917 2309 fit
939 2267 1064 2309 offrir
1082 2281 1170 2309 une
1189 2282 1358 2309 somme
1376 2268 1468 2310 tres
1486 2267 1807 2322 considerable,

114 2342 158 2379 et
186 2352 270 2392 que
301 2338 394 2381 l'on
426 2340 575 2381 aurait
607 2340 660 2382 de
690 2340 735 2382 la
764 2339 895 2396 peine
928 2339 954 2381 a
985 2339 1136 2380 croire.
1193 2338 1310 2380 Mais
1344 2342 1460 2380 cette
1492 2352 1674 2393 somme,
1701 2338 1808 2380 telle

113 2409 395 2452 exorbitante
432 2411 590 2467 qu'elle
629 2411 694 2454 ait
725 2411 807 2466 ete,
840 2410 913 2454 fut
944 2414 1276 2453 constamment
1306 2408 1480 2452 refusee
1510 2424 1592 2467 par
1622 2409 1686 2451 les
1716 2409 1808 2452 Do-

113 2479 396 2524 minicains.“

257 2551 393 2594 Melzi
424 2553 639 2607 (Diction.
663 2554 892 2610 Anonym.
915 2553 975 2608 11,
1007 2555 1110 2607 413)
1141 2552 1268 2595 fiihrt
1300 2556 1450 2595 zuerst
1473 2551 1545 2594 die
1567 2551 1693 2594 seclis
1714 2566 1807 2595 von

113 2623 164 2664 P.
186 2623 430 2679 Aquaviva
459 2639 540 2667 zur
569 2625 626 2667 R.
648 2629 701 2667 st.
729 2624 975 2667 berufenen
1005 2625 1163 2666 Patres
1195 2639 1254 2665 an
1284 2623 1380 2666 und
1401 2622 1528 2665 fahrt
1548 2622 1672 2665 dann
1692 2622 1805 2665 fort:

116 2694 303 2748 „Uscito
334 2696 367 2737 11
398 2696 578 2738 volume
608 2696 775 2739 sollevo
805 2696 880 2738 nel
909 2695 1090 2752 publico
1122 2695 1214 2737 tale
1245 2695 1468 2751 tempesta
1499 2709 1525 2736 a
1543 2694 1716 2736 motivo
1736 2693 1808 2735 del

116 2769 302 2808 trattato
334 2766 409 2807 De
433 2766 764 2823 Opinionum
784 2767 1028 2821 Delectu,
1060 2766 1140 2808 che
1171 2766 1205 2808 il
1231 2766 1280 2807 P.
1303 2765 1522 2808 Generale
1541 2764 1676 2806 stimo
1697 2764 1807 2806 bene

115 2835 163 2877 di
194 2835 264 2878 far
293 2837 558 2894 ristampare
588 2839 755 2896 l’opera
786 2852 872 2881 con
902 2853 993 2880 una
1023 2851 1176 2880 nuova
1206 2836 1431 2879 revisione
1454 2835 1522 2878 de’
1542 2836 1634 2878 PP.
1652 2833 1803 2888 Tucci,

115 2906 298 2950 Aziorio
337 2923 360 2949 e
398 2908 620 2950 Gonzales
657 2909 807 2951 tenuti
845 2923 1009 2951 ancora
1046 2908 1096 2950 in
1132 2908 1281 2950 Roma
1320 2921 1471 2963 presso
1512 2905 1559 2948 di
1589 2905 1653 2959 se3
1687 2903 1806 2946 nella

116 2977 247 3033 quale
299 2978 492 3020 seconda
541 2979 743 3022 edizione
792 2979 844 3022 fu
885 2994 1055 3022 omesso
1098 2979 1132 3020 il
1171 2982 1365 3021 trattato
1409 2976 1633 3029 suddetto,
1679 2989 1804 3016 come

116 3049 264 3092 notasi
294 3049 414 3091 nella
442 3049 710 3107 prefazione,
742 3050 791 3093 in
822 3050 894 3093 cui
923 3050 1028 3108 pero
1047 3049 1166 3093 dassi
1186 3049 1232 3092 la
1251 3063 1466 3107 speranza
1488 3047 1535 3089 di
1555 3044 1804 3104 publicarlo
