2148 3402
562 180 605 214 R.
620 183 664 214 st.
686 181 786 215 1586.
836 179 1063 224 Adjumenta
1090 178 1307 214 studiorum.
1710 169 1789 212 171

93 298 329 352 scendant,
349 298 596 341 ascendant
614 299 702 355 alij.
725 298 946 354 Designet
964 298 1163 340 vicissim
1180 297 1228 339 in
1244 297 1351 339 ludo
1368 298 1517 341 locum
1535 300 1794 356 quempiam

93 370 319 412 abiectum
353 369 549 411 maxime
571 374 707 426 atque
729 369 992 426 ignobilem.
1030 369 1459 425 „Negligentiae
1491 371 1790 413 scamnum“

93 441 364 484 nominetur.
428 442 483 483 In
525 441 610 483 hoc
654 440 976 497 ignauissimus
1013 440 1202 496 quisque
1243 439 1494 495 deijciatur.
1559 440 1648 490 Qui
1685 457 1793 485 vero

92 513 140 554 in
179 512 264 554 hoc
302 527 483 554 scamno
523 512 829 566 consederint,
871 511 1131 567 frequenter
1168 511 1507 565 examinentur,
1548 511 1794 567 pudefiant,

93 584 404 639 obiurgentur,
424 583 652 639 vapulent.
701 582 986 638 Quamquam
1007 582 1097 624 huc
1119 582 1352 625 deturbari
1372 598 1425 624 ex
1448 597 1622 624 summo
1656 583 1794 625 etiam

92 656 190 697 1000
229 655 345 697 nihil
383 655 593 711 prohibet
636 654 809 710 aliquos
856 654 1079 709 grauioris
1123 653 1260 695 errati
1305 668 1450 695 causa.
1514 654 1639 695 Inter
1682 653 1792 696 alias

94 741 198 768 vero
229 725 508 781 ignominiae
539 729 673 767 notas
704 729 937 767 censeatur
967 729 1012 766 et
1042 724 1170 779 illud,
1203 725 1240 766 si
1272 724 1373 780 quis
1405 725 1541 766 eximi
1565 740 1611 766 se
1642 729 1796 781 postu-

94 797 154 838 let
186 811 211 838 a
244 795 490 838 scribendis
521 795 739 849 versibus,
783 795 840 837 ab
874 795 1111 838 audiendis
1143 796 1340 849 Graecis,
1385 795 1441 837 ab
1468 795 1716 838 ediscendis
1737 796 1797 838 le-

95 867 321 910 ctionibus
362 866 549 923 alijsque
587 866 634 908 id
667 881 830 922 genus,
876 881 989 922 quae
1021 866 1244 909 odiosiora
1290 866 1526 910 videntur:
1575 867 1797 909 eiusmodi

95 946 246 982 tamen
277 940 583 995 exemptiones
613 953 696 980 nec
726 942 1003 996 praeceptor,
1037 953 1119 980 nec
1150 938 1412 981 Praefectus
1443 939 1672 994 concedat,
1705 938 1796 981 nisi

95 1009 373 1066 gravissimis
404 1010 458 1052 de
490 1010 646 1052 causis.

239 1084 278 1126 2.
311 1081 521 1124 Proderit
553 1085 598 1123 et
629 1082 766 1123 semel
799 1084 879 1123 aut
915 1080 1081 1124 iterum
1120 1081 1326 1137 quolibet
1364 1097 1514 1125 mense
1550 1084 1599 1124 in
1630 1081 1795 1124 scholis

95 1153 229 1210 paulo
276 1153 583 1210 superioribus
621 1153 817 1210 cuipiam
853 1167 991 1209 puero
1031 1153 1324 1207 demandare,
1366 1158 1419 1197 vt
1453 1153 1633 1196 circiter
1663 1153 1793 1195 semi-

96 1223 207 1265 hora
236 1223 386 1265 locum
409 1223 599 1266 alicuius
624 1223 811 1267 Autoris
843 1224 1016 1267 solito
1049 1225 1304 1267 ornatius
1334 1229 1577 1282 exponat
1607 1240 1662 1266 ex
1693 1239 1796 1280 sug-

96 1299 236 1350 gesto,
269 1295 424 1337 amicis
456 1295 592 1337 etiam
613 1295 671 1338 ad
693 1296 968 1338 audiendum
985 1296 1205 1351 inuitatis,
1238 1301 1291 1339 ut
1314 1311 1466 1339 eorum
1488 1295 1795 1352 gratulatione

96 1369 141 1408 et
172 1366 427 1422 aequalium
460 1367 783 1409 acclamatione
816 1367 873 1410 ad
906 1367 1039 1424 officij
1074 1383 1124 1409 ac
1154 1367 1301 1410 laudis
1324 1371 1590 1410 ornamenta
1611 1366 1796 1424 puerilis

98 1437 275 1479 animus
313 1438 604 1494 incendatur3
650 1439 771 1495 quod
817 1439 962 1481 nihilo
1008 1438 1153 1481 rarius
1192 1455 1218 1481 a
1256 1438 1434 1482 Nostris
1474 1437 1796 1496 praestandum

99 1512 213 1551 esset
243 1508 292 1551 in
324 1509 598 1565 RefectoriO,
631 1510 738 1553 dum
760 1514 987 1565 coenatur,
1018 1511 1093 1553 vel
1119 1514 1239 1552 certe
1263 1510 1422 1553 Oratio
1443 1509 1794 1567 pronuntianda.

238 1583 279 1625 3.
311 1581 404 1623 Nec
435 1596 593 1638 parum
625 1582 953 1624 extimulantur
983 1581 1112 1638 pueri
1143 1582 1554 1624 concertatione
1591 1585 1793 1623 mutua.

98 1651 320 1701 Quocirca
350 1652 594 1708 vnicuique
632 1668 737 1696 suus
780 1653 1056 1696 attribuatur
1088 1653 1384 1708 aduersarius,
1423 1654 1502 1709 qui
1532 1653 1602 1696 ius
1633 1652 1797 1695 habeat

99 1722 302 1777 alterum,
336 1723 512 1779 quoties
543 1728 767 1766 errantem
801 1725 1007 1780 audierit,
1039 1725 1312 1781 corrigendi:
1346 1725 1384 1767 si
1415 1740 1508 1767 non
1538 1723 1795 1778 correxerit,

98 1793 158 1836 sit
191 1794 387 1837 eiusdem
418 1810 562 1837 noxae
599 1811 712 1838 reus
775 1796 960 1852 Rogent
996 1810 1325 1853 nonnunquam
1365 1795 1659 1852 Magistrum,
1697 1809 1796 1852 per-

98 1865 274 1920 mittat,
317 1871 367 1909 vt
409 1867 606 1923 aliquem
651 1867 892 1924 superioris
934 1868 1157 1910 Decuriae
1198 1869 1421 1911 lacessant
1461 1868 1521 1910 ad
1565 1868 1796 1923 singulare

98 1941 337 1993 certamen,
368 1938 551 1994 eiusque
581 1939 730 1981 locum
760 1939 1066 1994 illustriorem,
1110 1939 1149 1982 31
1195 1939 1407 1994 vicerint,
1449 1943 1794 1996 consequantur.

98 2008 200 2050 Huc
231 2008 368 2051 etiam
399 2014 571 2066 spectat
601 2010 722 2066 quod
755 2015 823 2052 est
853 2010 902 2052 in
934 2011 1348 2054 Constitutionibus
1380 2014 1420 2055 4.
1454 2012 1576 2053 Part.
1611 2011 1718 2066 Cap.
1753 2012 1794 2054 6.

99 2083 121 2132 ἓ
157 2083 244 2124 12.;
291 2079 407 2137 „Qui
446 2081 611 2136 literis,
650 2081 882 2137 inquiunt,
922 2082 1281 2125 Humanioribus
1317 2086 1504 2138 vacant,
1548 2097 1629 2124 sua
1658 2080 1795 2123 etiam

98 2154 217 2192 stata
246 2155 451 2209 tempora
481 2153 538 2195 ad
569 2153 890 2196 conferendum
921 2157 966 2195 et
995 2154 1319 2211 disputandum
1355 2154 1409 2196 de
1448 2154 1523 2210 ijs,
1557 2169 1669 2210 quae
1699 2168 1796 2210 per-

97 2222 245 2264 tinent
276 2222 333 2265 ad
363 2223 513 2266 studia
543 2225 636 2280 illa,
678 2239 829 2267 coram
867 2225 1039 2281 aliquo,
1081 2227 1161 2281 qui
1199 2226 1379 2269 eosdem
1416 2226 1609 2282 dirigere
1639 2225 1795 2283 possit,

98 2292 353 2336 habebunt:
396 2299 441 2337 et
473 2295 725 2338 Dominicis
765 2296 839 2339 vel
877 2296 978 2353 alijs
1016 2297 1275 2339 constitutis
1315 2297 1491 2352 diebus,
1534 2296 1796 2339 alternatim

98 2364 171 2405 vel
203 2380 308 2407 suae
339 2365 567 2410 facultatis
597 2368 842 2424 positiones
875 2384 900 2411 a
918 2369 1110 2425 prandio
1131 2369 1393 2423 tuebuntur,
1426 2370 1500 2412 vel
1531 2384 1576 2411 se
1607 2368 1656 2410 in
1677 2383 1796 2411 com-

97 2436 305 2491 ponenda
343 2437 491 2480 soluta
531 2439 734 2481 oratione
781 2443 860 2481 aut
901 2439 1098 2482 carmine
1141 2440 1455 2485 exercebunt.“
1494 2466 1544 2471 -
1578 2440 1639 2482 Et
1676 2439 1797 2482 infra

99 2506 205 2562 Cap.
242 2509 308 2551 13.
342 2511 378 2560 ἓ.
406 2510 472 2552 3.:
510 2509 751 2565 „Studiosi,
784 2510 947 2566 inquit,
980 2511 1235 2553 Literarum
1266 2511 1616 2566 Humaniorum,
1648 2514 1700 2553 Vt
1731 2510 1796 2553 fa-

100 2576 321 2620 miliarem
351 2593 598 2622 sermonem
629 2580 793 2623 Latine
824 2581 1125 2624 communiter
1155 2582 1380 2639 loquendo
1413 2586 1458 2624 et
1488 2582 1660 2638 stylum
1691 2582 1796 2624 scri-

100 2646 260 2703 bendo,
283 2664 335 2690 ac
352 2651 773 2706 pronunciationem
791 2653 1037 2709 composita
1058 2653 1171 2695 bene
1188 2653 1530 2710 pronunciando
1548 2653 1794 2710 expoliant,

101 2723 277 2773 curent;
310 2723 354 2761 et
384 2719 469 2775 his,
502 2737 554 2763 ac
585 2723 729 2764 multo
769 2723 914 2779 magis
951 2724 1224 2767 facultatum
1263 2725 1543 2782 superiorum
1581 2724 1795 2767 studiosis

101 2789 276 2832 crebras
308 2791 638 2848 disputationes
669 2793 918 2851 imponant,
952 2796 1116 2852 quibus
1148 2796 1242 2838 dies
1273 2800 1318 2839 et
1347 2796 1483 2839 horae
1514 2800 1660 2838 certae
1692 2811 1795 2838 con-

102 2860 365 2916 stituantur,
396 2863 401 2917 Ι
429 2862 509 2904 vbi
539 2879 631 2906 non
663 2865 806 2907 solum
839 2881 940 2908 cum
972 2867 1305 2924 condiscipulis,
1336 2883 1493 2910 verum
1514 2868 1650 2924 paulo
1680 2866 1794 2908 infe-

102 2930 240 2973 riores
280 2947 381 2975 cum
419 2933 654 2991 aliquanto
691 2937 1048 2992 prouectioribus
1092 2938 1324 2995 disputent
1360 2938 1409 2980 in
1448 2938 1517 2995 ijs,
1561 2953 1673 2995 quae
1704 2937 1794 2993 ipsi

103 3001 306 3058 capiunt:
340 3004 460 3060 quod
492 3005 628 3047 etiam
657 3006 756 3048 vice
777 3022 906 3050 versa
927 3008 1228 3065 prouectiores
1249 3024 1351 3051 cum
1383 3008 1532 3050 minus
1556 3007 1794 3065 prouectis,

104 3073 160 3116 ad
179 3089 244 3130 ea,
266 3091 380 3133 quae
401 3075 470 3119 illi
487 3080 701 3133 tractant,
722 3077 1046 3135 descendendo,
1069 3082 1114 3121 et
1133 3080 1451 3138 Praeceptores
1472 3079 1547 3136 alij
1572 3093 1675 3122 cum
1694 3077 1796 3135 alijs

1814 1177 1842 1200 p.
1855 1168 1918 1192 251.

1813 2889 1840 2912 p.
1854 2881 1915 2906 252.
