2153 3467
77 740 286 769 Argumentum

95 774 266 798 scribendae

106 811 258 834 orationis.

132 1307 289 1333 Carminis.

39 1663 140 1689 Graeci
170 1664 305 1690 thematis

128 1701 214 1725 ratio.

111 2165 304 2189 Conseriatio.

324 195 411 237 408
524 203 633 239 Ratio
667 203 873 239 studiorum
900 208 938 238 et
965 202 1224 238 institutiones
1251 203 1489 238 scholasticae
1516 203 1709 240 Societatis
1733 205 1824 240 Jesu
1848 206 1887 240 II

326 322 532 371 Quinto
565 338 620 364 ex
651 322 854 378 historia,
887 340 943 366 ex
974 325 1153 377 fabulis,
1188 340 1242 366 ex
1275 325 1399 366 omni
1420 325 1671 367 eruditione
1692 340 1805 381 quae
1826 326 1882 368 ad
1904 327 2053 368 locum

325 393 635 435 exornandum
668 394 840 437 faciant
871 397 1191 452 conquirenda.
1256 396 1336 438 Ad
1368 401 1665 438 extremum
1704 396 1843 439 verba
1874 412 2056 453 perpen-

324 464 486 518 denda,
520 480 674 507 eorum
697 467 958 523 proprietas,
993 473 1189 521 ornatus,
1215 466 1378 523 copiast
1415 481 1627 508 numerus
1647 467 1965 509 observandus.
2004 494 2048 499 ——

323 536 447 577 Haec
479 541 630 578 autem
671 552 762 579 non
799 538 898 580 ideo
938 539 1076 580 allata
1115 543 1241 592 sunt,
1284 544 1335 580 ut
1376 553 1549 594 semper
1586 538 1739 580 omnia
1777 542 2055 580 consectetur

323 606 555 663 Magister,
588 607 664 650 sed
697 613 748 650 ut
781 625 833 650 ex
867 608 922 651 iis
955 609 1118 664 seligat
1150 624 1264 665 quae
1298 608 1623 666 opportuniora
1654 608 1946 651 videbuntur.

469 739 515 783 9.
578 739 854 781 Dictandum
900 743 1218 795 argumentum
1265 739 1483 782 orationis
1535 740 1607 782 vel
1659 739 1790 781 initio
1844 738 2056 795 cujUsque

328 809 492 851 mensis
524 814 690 864 totum,
724 811 796 852 vel
829 810 1022 867 singulis
1062 809 1355 852 hebdomadis
1393 826 1471 868 per
1508 815 1657 867 partes
1695 811 1903 866 (singulis
1935 811 2055 853 enim

324 881 551 923 mensibus
584 881 640 923 ad
672 896 897 923 summum
929 880 1135 937 singulae
1169 882 1465 924 absolvendae
1497 882 1629 924 oratii
1644 891 1750 933 nes).
1804 881 1874 924 Sit
1907 886 2055 924 autem

325 953 470 1006 breve,
507 952 627 1009 quod
658 967 736 1009 per
767 967 920 994 omnes
941 957 1013 994 eat
1035 952 1252 995 orationis
1275 957 1442 1010 partes,
1477 954 1600 996 locos
1622 953 1981 995 confirmationis
2013 957 2057 995 et

324 1023 704 1080 amplificationis,
725 1024 894 1080 figuras
910 1024 1184 1081 praecipuas,
1207 1039 1320 1080 quae
1342 1024 1546 1066 adhiberi
1562 1029 1758 1082 possent,
1778 1025 1897 1066 locos
1919 1024 2056 1066 etiam

324 1094 498 1151 aliquos
529 1094 751 1136 bonorum
797 1100 1028 1138 auctorum
1079 1096 1135 1137 ad
1182 1095 1477 1150 imitandum,
1520 1096 1558 1138 si
1589 1095 1840 1150 videbitur,
1872 1095 2055 1138 indicet.

323 1165 558 1207 Interdum
591 1166 896 1208 demonstrato
930 1167 1146 1224 scriptore
1177 1167 1342 1223 aliqu0,
1377 1167 1433 1209 ad
1466 1166 1593 1224 cujus
1625 1167 1930 1210 imitationem
1963 1182 2057 1209 ora-

327 1236 496 1279 tionem
528 1237 790 1293 informent,
823 1238 1094 1281 verbotenus
1126 1254 1193 1280 res
1224 1239 1544 1296 proponatur.2

468 1307 542 1354 10.
608 1309 832 1351 Carminis
863 1309 1000 1351 etiam
1031 1315 1351 1366 argumentum
1380 1313 1458 1352 aut
1489 1309 1656 1367 scripto
1688 1314 1768 1352 aut
1800 1310 1952 1365 verbo,
1985 1311 2057 1353 vel

325 1380 465 1421 solam
497 1379 797 1435 significando
829 1395 938 1436 rem,
971 1381 1044 1423 vel
1077 1385 1197 1423 certa
1239 1381 1414 1437 adjecta
1451 1381 1696 1436 sententia,
1738 1381 1855 1423 tradi
1886 1385 2056 1438 potest,

324 1450 460 1507 idque
492 1455 571 1493 aut
602 1451 752 1506 breve,
784 1457 837 1494 ut
868 1452 1221 1510 epigrammatis,
1256 1452 1388 1507 odae,
1427 1452 1618 1509 elegiae,
1659 1452 1895 1509 epistolae,
1938 1452 2058 1509 quod

324 1521 516 1577 singulis
547 1522 723 1566 vicibus
744 1523 1023 1580 expediatur,
1057 1528 1137 1566 aut
1158 1524 1351 1581 longius,
1386 1528 1437 1566 ut
1457 1523 1660 1581 pluribus
1681 1523 1871 1578 vicibus,
1904 1538 2058 1580 quem-

325 1592 570 1636 admodum
602 1593 866 1650 orationem,
899 1595 963 1637 sic
993 1600 1154 1652 poema
1186 1599 1444 1638 contexant.

468 1664 537 1711 11.
602 1665 763 1708 Graeci
783 1665 998 1708 thematis
1020 1667 1174 1709 eadem
1355 1665 1423 1712 11.
1456 1666 1699 1709 Vernaculi
1716 1665 1954 1722 graecique
1968 1666 2063 1708 the-

321 1736 411 1778 fere
443 1737 560 1779 ratio
600 1737 707 1791 erit,
746 1737 835 1779 nisi
872 1752 952 1794 per
989 1738 1174 1794 aliquod
1213 1738 1346 1780 matis
1378 1738 1535 1780 eadem
1574 1737 1665 1779 fere
1705 1737 1764 1779 sit
1805 1737 1943 1792 ratio,
1975 1737 2064 1779 nisi

321 1812 497 1865 tempus
529 1808 752 1850 verbatim
776 1809 928 1851 omnia
960 1808 1176 1852 dictanda
1212 1809 1261 1851 in
1308 1824 1470 1865 graeco
1518 1824 1596 1866 per
1648 1808 1832 1864 aliquod
1885 1812 2063 1866 tempus

323 1880 460 1922 semel
492 1880 653 1922 saltem
686 1879 734 1922 in
774 1880 978 1936 singulas
1009 1845 1437 1949 hebdo-lverbatim
1478 1880 1632 1923 omnia
1674 1879 1889 1922 dictanda
1929 1879 2063 1921 semel

321 1950 501 2006 madas,
541 1950 614 1992 vel
661 1951 808 1993 soluta
854 1950 1056 1994 oratione
1102 1953 1174 1994 vel
1213 1953 1371 1995 saltem
1411 1952 1458 1994 in
1498 1952 1702 2007 singulas
1742 1951 2064 2006 hebdomadas,

323 2021 535 2076 carmine,
568 2025 846 2064 censeantur.
1194 2024 1285 2084 ,vel
1318 2023 1465 2066 soluta
1496 2023 1698 2066 oratione
1736 2023 1810 2065 vel
1850 2023 2063 2077 carmine,

1192 2090 1196 2161 1
1213 2098 1491 2138 censeantur.

468 2163 541 2211 12.
607 2164 894 2208 Concertatio
926 2181 1002 2209 seu
1035 2167 1299 2208 exercitatio
1332 2166 1420 2208 sita
1452 2165 1537 2208 erit
1568 2169 1666 2208 tum
1698 2165 1747 2208 in
1787 2165 2064 2222 corrigendis

322 2237 390 2290 iis,
422 2251 536 2292 quae
568 2236 682 2279 alter
715 2237 916 2280 aemulus
947 2237 994 2279 in
1029 2238 1217 2280 alterius
1250 2238 1454 2280 oratione
1487 2236 1846 2293 deprehenderit,
1882 2241 1977 2279 tum
2012 2236 2060 2278 in

322 2308 391 2361 iis,
424 2308 471 2349 in
505 2307 668 2364 quibus
700 2308 844 2365 prima
875 2308 985 2350 hora
1008 2324 1052 2350 se
1069 2309 1363 2364 exercuerint,
1396 2309 1592 2352 invicem
1614 2309 1931 2366 proponendis,
1964 2313 2062 2351 tum

323 2380 371 2421 in
413 2379 573 2436 figuris
617 2379 937 2435 dignoscendis
979 2384 1058 2422 aut
1097 2380 1406 2435 conficiendis,
1446 2385 1543 2422 tum
1584 2380 1633 2422 in
1673 2379 1946 2422 Rhetoricae
1985 2384 2065 2422 aut

324 2451 628 2507 epistolarum,
671 2455 750 2493 aut
782 2451 1049 2505 carminum,
1082 2456 1161 2493 aut
1192 2450 1405 2494 historiae
1436 2451 1684 2508 praeceptis
1716 2451 1957 2494 reddendis
1989 2466 2065 2508 ap-

323 2522 620 2578 plicandisve3
655 2526 752 2565 tum
784 2523 832 2564 in
857 2522 1133 2579 exponendis
1167 2527 1401 2565 auctorum
1423 2522 1534 2564 locis
1554 2521 1882 2564 difficilioribus
1915 2525 1959 2563 et
1981 2521 2065 2563 dif-

325 2592 606 2636 ficultatibus
637 2593 948 2650 explanandis,
981 2598 1080 2636 tum
1101 2594 1151 2636 in
1182 2593 1380 2635 moribus
1414 2593 1720 2650 antiquorum,
1752 2593 1974 2650 rebusque
2005 2593 2063 2635 ad

325 2663 624 2707 eruditionem
648 2665 984 2722 pertinentibus
1007 2664 1311 2721 acquirendis3

326 2739 425 2777 tum
459 2735 506 2776 in
546 2734 924 2793 hieroglyphicis,
958 2735 1311 2794 symbolisltum
1344 2734 1392 2776 in
1425 2734 1667 2791 symbolis,
1709 2734 2063 2791 apophthegma-

325 2805 1177 2863 Pythagoreis,apophthegmatis,ada-
1213 2806 1335 2860 ticis,
1389 2806 1565 2862 adagiis
1626 2811 1672 2848 et
1721 2804 1943 2848 similibus
2005 2805 2062 2846 ad

326 2877 435 2933 giis,
484 2877 764 2919 emblematis
816 2877 1174 2934 aenigmatisque
1213 2877 1526 2934 Praeceptoris
1557 2876 1809 2920 arbitrium.

479 3056 489 3075 ¹
518 3054 712 3098 „Copiae
740 3054 957 3090 exercitatio
986 3055 1022 3089 in
1051 3065 1091 3090 eo
1119 3060 1186 3094 est,
1221 3060 1263 3090 ut
1289 3056 1475 3092 sententia
1500 3054 1693 3099 quaepiam
1720 3053 1935 3098 saepissime
1961 3053 2058 3088 vari-

331 3114 426 3150 anda
453 3115 572 3157 detur,
613 3126 657 3149 ac
683 3114 835 3160 primum
873 3115 950 3160 ejus
978 3116 1192 3160 synonyma,
1227 3118 1303 3150 tum
1337 3118 1621 3161 synonymorum
1647 3113 1825 3149 Derivata.
1851 3124 1892 3148 ac
1918 3122 2058 3157 compo-
