<?xml version="1.0" encoding="UTF-8"?>
<!DOCTYPE html PUBLIC "-//W3C//DTD XHTML 1.0 Transitional//EN"
    "http://www.w3.org/TR/xhtml1/DTD/xhtml1-transitional.dtd">
<html xmlns="http://www.w3.org/1999/xhtml" xml:lang="en" lang="en">
 <head>
  <title>
</title>
<meta http-equiv="Content-Type" content="text/html;charset=utf-8" />
  <meta name='ocr-system' content='tesseract 3.04.00' />
  <meta name='ocr-capabilities' content='ocr_page ocr_carea ocr_par ocr_line ocrx_word'/>
</head>
<body>
  <div class='ocr_page' id='page_1' title='image "./ratiostudiorumet05jesu_0054.png"; bbox 0 0 2084 3441; ppageno 0'>
   <div class='ocr_carea' id='block_1_1' title="bbox 265 177 1813 222">
    <p class='ocr_par' dir='ltr' id='par_1_1' title="bbox 265 177 1813 222">
     <span class='ocr_line' id='line_1_1' title="bbox 265 177 1813 222; baseline 0.001 -2"><span class='ocrx_word' id='word_1_1' title='bbox 265 177 322 220; x_wconf 78' lang='lat'><strong>38</strong></span> <span class='ocrx_word' id='word_1_2' title='bbox 465 185 576 222; x_wconf 83' lang='lat' dir='ltr'><strong>Ratio</strong></span> <span class='ocrx_word' id='word_1_3' title='bbox 604 186 808 221; x_wconf 85' lang='lat' dir='ltr'><strong>studiorum</strong></span> <span class='ocrx_word' id='word_1_4' title='bbox 836 190 871 221; x_wconf 84' lang='lat' dir='ltr'><strong>et</strong></span> <span class='ocrx_word' id='word_1_5' title='bbox 899 185 1154 222; x_wconf 72' lang='lat' dir='ltr'><strong>institutiones</strong></span> <span class='ocrx_word' id='word_1_6' title='bbox 1179 184 1417 221; x_wconf 74' lang='lat' dir='ltr'><strong>scholasticae</strong></span> <span class='ocrx_word' id='word_1_7' title='bbox 1443 185 1636 221; x_wconf 84' lang='lat' dir='ltr'><strong>Societatis</strong></span> <span class='ocrx_word' id='word_1_8' title='bbox 1662 186 1751 221; x_wconf 86' lang='lat' dir='ltr'><strong>Jesu</strong></span> <span class='ocrx_word' id='word_1_9' title='bbox 1777 186 1813 221; x_wconf 91' lang='lat'><strong>11</strong></span> 
     </span>
    </p>
   </div>
   <div class='ocr_carea' id='block_1_2' title="bbox 263 302 1957 503">
    <p class='ocr_par' dir='ltr' id='par_1_2' title="bbox 263 302 1957 503">
     <span class='ocr_line' id='line_1_2' title="bbox 265 302 1955 361; baseline -0.002 -12"><span class='ocrx_word' id='word_1_10' title='bbox 265 321 418 349; x_wconf 88' lang='lat' dir='ltr'><strong>omnes</strong></span> <span class='ocrx_word' id='word_1_11' title='bbox 448 305 521 348; x_wconf 69' lang='lat' dir='ltr'><strong>vel</strong></span> <span class='ocrx_word' id='word_1_12' title='bbox 553 306 730 361; x_wconf 83' lang='lat' dir='ltr'><strong>aliquas</strong></span> <span class='ocrx_word' id='word_1_13' title='bbox 762 305 1032 360; x_wconf 74' lang='lat' dir='ltr'><strong>generaliter</strong></span> <span class='ocrx_word' id='word_1_14' title='bbox 1063 303 1283 355; x_wconf 78' lang='lat' dir='ltr'><strong>indicant,</strong></span> <span class='ocrx_word' id='word_1_15' title='bbox 1318 302 1437 358; x_wconf 89' lang='lat' dir='ltr'><strong>quod</strong></span> <span class='ocrx_word' id='word_1_16' title='bbox 1469 307 1618 344; x_wconf 85' lang='lat' dir='ltr'><strong>tutum</strong></span> <span class='ocrx_word' id='word_1_17' title='bbox 1650 304 1835 346; x_wconf 87' lang='lat' dir='ltr'><strong>minime</strong></span> <span class='ocrx_word' id='word_1_18' title='bbox 1868 309 1955 356; x_wconf 88' lang='lat' dir='ltr'><strong>est;</strong></span> 
     </span>
     <span class='ocr_line' id='line_1_3' title="bbox 263 374 1956 433; baseline -0.002 -14"><span class='ocrx_word' id='word_1_19' title='bbox 263 377 484 433; x_wconf 74' lang='lat' dir='ltr'>siquidem</span> <span class='ocrx_word' id='word_1_20' title='bbox 523 381 631 418; x_wconf 84' lang='lat' dir='ltr'><strong>tunc</strong></span> <span class='ocrx_word' id='word_1_21' title='bbox 671 380 895 432; x_wconf 77' lang='lat' dir='ltr'><strong>oporteret</strong></span> <span class='ocrx_word' id='word_1_22' title='bbox 927 375 998 416; x_wconf 85' lang='lat' dir='ltr'><strong>vel</strong></span> <span class='ocrx_word' id='word_1_23' title='bbox 1032 374 1101 430; x_wconf 83' lang='lat' dir='ltr'><strong>ijs,</strong></span> <span class='ocrx_word' id='word_1_24' title='bbox 1135 389 1248 429; x_wconf 87' lang='lat' dir='ltr'><strong>quae</strong></span> <span class='ocrx_word' id='word_1_25' title='bbox 1281 374 1465 415; x_wconf 87' lang='lat' dir='ltr'><strong>definire</strong></span> <span class='ocrx_word' id='word_1_26' title='bbox 1499 374 1781 428; x_wconf 79' lang='lat' dir='ltr'><strong>conduceret,</strong></span> <span class='ocrx_word' id='word_1_27' title='bbox 1813 375 1956 417; x_wconf 88' lang='lat' dir='ltr'><strong>omni-</strong></span> 
     </span>
     <span class='ocr_line' id='line_1_4' title="bbox 268 445 1957 503; baseline -0.001 -14"><span class='ocrx_word' id='word_1_28' title='bbox 268 449 347 490; x_wconf 84' lang='lat' dir='ltr'><strong>bus</strong></span> <span class='ocrx_word' id='word_1_29' title='bbox 380 448 616 503; x_wconf 68' lang='lat' dir='ltr'><strong>sigillatim</strong></span> <span class='ocrx_word' id='word_1_30' title='bbox 650 447 936 499; x_wconf 88' lang='lat' dir='ltr'><strong>enumeratis,</strong></span> <span class='ocrx_word' id='word_1_31' title='bbox 970 446 1018 486; x_wconf 89' lang='lat' dir='ltr'><strong>in</strong></span> <span class='ocrx_word' id='word_1_32' title='bbox 1040 445 1225 500; x_wconf 87' lang='lat' dir='ltr'><strong>reliquis</strong></span> <span class='ocrx_word' id='word_1_33' title='bbox 1257 446 1528 500; x_wconf 85' lang='lat' dir='ltr'><strong>generaliter</strong></span> <span class='ocrx_word' id='word_1_34' title='bbox 1549 446 1805 501; x_wconf 82' lang='lat' dir='ltr'><strong>permittere</strong></span> <span class='ocrx_word' id='word_1_35' title='bbox 1826 446 1957 487; x_wconf 87' lang='lat' dir='ltr'><strong>liber-</strong></span> 
     </span>
    </p>
   </div>
   <div class='ocr_carea' id='block_1_3' title="bbox 196 516 1959 570">
    <p class='ocr_par' dir='ltr' id='par_1_3' title="bbox 196 516 1959 570">
     <span class='ocr_line' id='line_1_5' title="bbox 196 516 1959 570; baseline -0.002 -8"><span class='ocrx_word' id='word_1_36' title='bbox 196 538 210 562; x_wconf 79' lang='lat'>2</span> <span class='ocrx_word' id='word_1_37' title='bbox 233 558 239 564; x_wconf 94' lang='lat'><strong>.</strong></span> <span class='ocrx_word' id='word_1_38' title='bbox 263 526 423 562; x_wconf 82' lang='lat' dir='ltr'><strong>tatem:</strong></span> <span class='ocrx_word' id='word_1_39' title='bbox 459 535 507 560; x_wconf 74' lang='lat' dir='ltr'><strong>ea</strong></span> <span class='ocrx_word' id='word_1_40' title='bbox 541 533 647 560; x_wconf 79' lang='lat' dir='ltr'><strong>vero</strong></span> <span class='ocrx_word' id='word_1_41' title='bbox 677 524 681 567; x_wconf 86' lang='grc' dir='ltr'>Ι</span> <span class='ocrx_word' id='word_1_42' title='bbox 710 516 989 559; x_wconf 75' lang='lat' dir='ltr'><strong>enumeratio</strong></span> <span class='ocrx_word' id='word_1_43' title='bbox 1020 520 1064 557; x_wconf 90' lang='lat' dir='ltr'><strong>et</strong></span> <span class='ocrx_word' id='word_1_44' title='bbox 1094 516 1287 569; x_wconf 87' lang='lat' dir='ltr'><strong>inutilis,</strong></span> <span class='ocrx_word' id='word_1_45' title='bbox 1321 520 1365 557; x_wconf 92' lang='lat' dir='ltr'><strong>et</strong></span> <span class='ocrx_word' id='word_1_46' title='bbox 1399 516 1566 558; x_wconf 86' lang='lat' dir='ltr'><strong>laboris</strong></span> <span class='ocrx_word' id='word_1_47' title='bbox 1597 521 1711 558; x_wconf 88' lang='lat' dir='ltr'><strong>esset</strong></span> <span class='ocrx_word' id='word_1_48' title='bbox 1738 517 1959 570; x_wconf 80' lang='lat' dir='ltr'><strong>immensi,</strong></span> 
     </span>
    </p>
   </div>
   <div class='ocr_carea' id='block_1_4' title="bbox 259 586 1969 2139">
    <p class='ocr_par' dir='ltr' id='par_1_4' title="bbox 259 586 1969 2139">
     <span class='ocr_line' id='line_1_6' title="bbox 259 586 1959 646; baseline -0.002 -13"><span class='ocrx_word' id='word_1_49' title='bbox 259 606 340 633; x_wconf 77' lang='grc'>1100</span> <span class='ocrx_word' id='word_1_50' title='bbox 372 591 505 646; x_wconf 86' lang='lat' dir='ltr'><strong>plane</strong></span> <span class='ocrx_word' id='word_1_51' title='bbox 541 590 634 631; x_wconf 78' lang='lat' dir='ltr'><strong>fieri</strong></span> <span class='ocrx_word' id='word_1_52' title='bbox 665 593 814 644; x_wconf 86' lang='lat' dir='ltr'><strong>potest</strong></span> <span class='ocrx_word' id='word_1_53' title='bbox 845 588 1044 630; x_wconf 83' lang='lat' dir='ltr'><strong>humano</strong></span> <span class='ocrx_word' id='word_1_54' title='bbox 1079 586 1283 642; x_wconf 77' lang='lat' dir='ltr'><strong>ingenio:</strong></span> <span class='ocrx_word' id='word_1_55' title='bbox 1311 588 1399 639; x_wconf 85' lang='lat' dir='ltr'><strong>vel,</strong></span> <span class='ocrx_word' id='word_1_56' title='bbox 1418 587 1615 629; x_wconf 73' lang='lat' dir='ltr'><strong>definitis</strong></span> <span class='ocrx_word' id='word_1_57' title='bbox 1637 587 1882 641; x_wconf 77' lang='lat' dir='ltr'><strong>nonnullis,</strong></span> <span class='ocrx_word' id='word_1_58' title='bbox 1905 587 1959 629; x_wconf 89' lang='grc'><strong>(10</strong></span> 
     </span>
     <span class='ocr_line' id='line_1_7' title="bbox 260 658 1959 715; baseline -0.002 -11"><span class='ocrx_word' id='word_1_59' title='bbox 260 662 447 704; x_wconf 88' lang='lat' dir='ltr'><strong>caeteris</strong></span> <span class='ocrx_word' id='word_1_60' title='bbox 487 660 602 702; x_wconf 89' lang='lat' dir='ltr'><strong>illud</strong></span> <span class='ocrx_word' id='word_1_61' title='bbox 640 658 889 701; x_wconf 79' lang='lat' dir='ltr'><strong>Vniuersim</strong></span> <span class='ocrx_word' id='word_1_62' title='bbox 928 662 1136 700; x_wconf 80' lang='lat' dir='ltr'><strong>statuere.</strong></span> <span class='ocrx_word' id='word_1_63' title='bbox 1212 658 1399 709; x_wconf 79' lang='lat' dir='ltr'><strong>Quoties</strong></span> <span class='ocrx_word' id='word_1_64' title='bbox 1439 658 1593 713; x_wconf 86' lang='lat' dir='ltr'><strong>aliqua</strong></span> <span class='ocrx_word' id='word_1_65' title='bbox 1632 658 1687 699; x_wconf 86' lang='lat' dir='ltr'><strong>de</strong></span> <span class='ocrx_word' id='word_1_66' title='bbox 1725 673 1770 700; x_wconf 91' lang='lat' dir='ltr'><strong>re</strong></span> <span class='ocrx_word' id='word_1_67' title='bbox 1811 659 1959 715; x_wconf 85' lang='lat' dir='ltr'><strong>plures</strong></span> 
     </span>
     <span class='ocr_line' id='line_1_8' title="bbox 259 729 1959 788; baseline -0.003 -13"><span class='ocrx_word' id='word_1_68' title='bbox 259 739 365 775; x_wconf 90' lang='lat' dir='ltr'><strong>sunt</strong></span> <span class='ocrx_word' id='word_1_69' title='bbox 419 732 665 788; x_wconf 75' lang='lat' dir='ltr'><strong>opiniones,</strong></span> <span class='ocrx_word' id='word_1_70' title='bbox 714 744 827 785; x_wconf 87' lang='lat' dir='ltr'><strong>quae</strong></span> <span class='ocrx_word' id='word_1_71' title='bbox 876 729 1005 772; x_wconf 90' lang='lat' dir='ltr'><strong>bonis</strong></span> <span class='ocrx_word' id='word_1_72' title='bbox 1056 729 1287 771; x_wconf 80' lang='lat' dir='ltr'><strong>autoribus</strong></span> <span class='ocrx_word' id='word_1_73' title='bbox 1335 734 1379 770; x_wconf 89' lang='lat' dir='ltr'><strong>et</strong></span> <span class='ocrx_word' id='word_1_74' title='bbox 1432 729 1684 771; x_wconf 83' lang='lat' dir='ltr'><strong>rationibus</strong></span> <span class='ocrx_word' id='word_1_75' title='bbox 1736 729 1959 782; x_wconf 86' lang='lat' dir='ltr'><strong>nitantur,</strong></span> 
     </span>
     <span class='ocr_line' id='line_1_9' title="bbox 261 799 1958 859; baseline -0.004 -13"><span class='ocrx_word' id='word_1_76' title='bbox 261 810 506 859; x_wconf 84' lang='lat' dir='ltr'><strong>sequantur</strong></span> <span class='ocrx_word' id='word_1_77' title='bbox 545 801 699 843; x_wconf 79' lang='lat' dir='ltr'><strong>Nostri</strong></span> <span class='ocrx_word' id='word_1_78' title='bbox 736 815 871 856; x_wconf 87' lang='lat' dir='ltr'><strong>quam</strong></span> <span class='ocrx_word' id='word_1_79' title='bbox 903 800 1158 841; x_wconf 84' lang='lat' dir='ltr'><strong>maluerint.</strong></span> <span class='ocrx_word' id='word_1_80' title='bbox 1222 799 1276 841; x_wconf 84' lang='lat' dir='ltr'><strong>Id</strong></span> <span class='ocrx_word' id='word_1_81' title='bbox 1312 815 1416 842; x_wconf 88' lang='lat' dir='ltr'><strong>vero</strong></span> <span class='ocrx_word' id='word_1_82' title='bbox 1448 800 1678 842; x_wconf 88' lang='lat' dir='ltr'><strong>lubricum</strong></span> <span class='ocrx_word' id='word_1_83' title='bbox 1710 800 1845 856; x_wconf 87' lang='lat' dir='ltr'><strong>plane</strong></span> <span class='ocrx_word' id='word_1_84' title='bbox 1878 805 1958 841; x_wconf 91' lang='lat' dir='ltr'><strong>est.</strong></span> 
     </span>
     <span class='ocr_line' id='line_1_10' title="bbox 262 870 1959 929; baseline -0.002 -13"><span class='ocrx_word' id='word_1_85' title='bbox 262 873 495 929; x_wconf 83' lang='lat' dir='ltr'><strong>Quidquid</strong></span> <span class='ocrx_word' id='word_1_86' title='bbox 540 873 660 913; x_wconf 88' lang='lat' dir='ltr'><strong>enim</strong></span> <span class='ocrx_word' id='word_1_87' title='bbox 699 876 744 912; x_wconf 88' lang='lat' dir='ltr'><strong>et</strong></span> <span class='ocrx_word' id='word_1_88' title='bbox 785 871 1126 927; x_wconf 83' lang='lat' dir='ltr'><strong>quibuscunque</strong></span> <span class='ocrx_word' id='word_1_89' title='bbox 1163 871 1314 913; x_wconf 88' lang='lat' dir='ltr'><strong>verbis</strong></span> <span class='ocrx_word' id='word_1_90' title='bbox 1351 872 1400 913; x_wconf 91' lang='lat' dir='ltr'><strong>in</strong></span> <span class='ocrx_word' id='word_1_91' title='bbox 1439 886 1601 927; x_wconf 84' lang='lat' dir='ltr'><strong>genere</strong></span> <span class='ocrx_word' id='word_1_92' title='bbox 1639 870 1959 928; x_wconf 79' lang='lat' dir='ltr'><strong>praecipiatur,</strong></span> 
     </span>
     <span class='ocr_line' id='line_1_11' title="bbox 260 942 1956 1001; baseline -0.002 -14"><span class='ocrx_word' id='word_1_93' title='bbox 260 945 399 1001; x_wconf 84' lang='lat' dir='ltr'><strong>varijs</strong></span> <span class='ocrx_word' id='word_1_94' title='bbox 453 943 573 985; x_wconf 87' lang='lat' dir='ltr'><strong>eludi</strong></span> <span class='ocrx_word' id='word_1_95' title='bbox 622 946 769 999; x_wconf 86' lang='lat' dir='ltr'><strong>potest</strong></span> <span class='ocrx_word' id='word_1_96' title='bbox 819 943 1287 998; x_wconf 79' lang='lat' dir='ltr'><strong>interpretationibuS,</strong></span> <span class='ocrx_word' id='word_1_97' title='bbox 1336 942 1638 984; x_wconf 86' lang='lat' dir='ltr'><strong>contendente</strong></span> <span class='ocrx_word' id='word_1_98' title='bbox 1673 956 1956 998; x_wconf 88' lang='lat' dir='ltr'><strong>vnoquoque,</strong></span> 
     </span>
     <span class='ocr_line' id='line_1_12' title="bbox 263 1012 1962 1070; baseline -0.002 -12"><span class='ocrx_word' id='word_1_99' title='bbox 263 1018 403 1059; x_wconf 89' lang='lat' dir='ltr'><strong>bonos</strong></span> <span class='ocrx_word' id='word_1_100' title='bbox 441 1021 618 1057; x_wconf 82' lang='lat' dir='ltr'><strong>autores</strong></span> <span class='ocrx_word' id='word_1_101' title='bbox 658 1029 709 1056; x_wconf 89' lang='lat' dir='ltr'><strong>ac</strong></span> <span class='ocrx_word' id='word_1_102' title='bbox 748 1014 946 1056; x_wconf 87' lang='lat' dir='ltr'><strong>rationes</strong></span> <span class='ocrx_word' id='word_1_103' title='bbox 977 1029 1081 1055; x_wconf 84' lang='lat' dir='ltr'><strong>suae</strong></span> <span class='ocrx_word' id='word_1_104' title='bbox 1113 1015 1278 1070; x_wconf 86' lang='lat' dir='ltr'><strong>potius,</strong></span> <span class='ocrx_word' id='word_1_105' title='bbox 1312 1028 1447 1070; x_wconf 89' lang='lat' dir='ltr'><strong>quam</strong></span> <span class='ocrx_word' id='word_1_106' title='bbox 1480 1013 1651 1055; x_wconf 90' lang='lat' dir='ltr'><strong>alienae</strong></span> <span class='ocrx_word' id='word_1_107' title='bbox 1683 1012 1835 1055; x_wconf 87' lang='lat' dir='ltr'><strong>fauere</strong></span> <span class='ocrx_word' id='word_1_108' title='bbox 1867 1027 1962 1054; x_wconf 87' lang='lat' dir='ltr'><strong>sen-</strong></span> 
     </span>
     <span class='ocr_line' id='line_1_13' title="bbox 262 1084 1962 1142; baseline -0.003 -13"><span class='ocrx_word' id='word_1_109' title='bbox 262 1088 444 1130; x_wconf 88' lang='lat' dir='ltr'><strong>tentiae.</strong></span> <span class='ocrx_word' id='word_1_110' title='bbox 508 1086 729 1135; x_wconf 82' lang='lat' dir='ltr'><strong>Quocirca</strong></span> <span class='ocrx_word' id='word_1_111' title='bbox 760 1085 971 1142; x_wconf 88' lang='lat' dir='ltr'><strong>periculis</strong></span> <span class='ocrx_word' id='word_1_112' title='bbox 1003 1084 1185 1126; x_wconf 84' lang='lat' dir='ltr'><strong>obuiam</strong></span> <span class='ocrx_word' id='word_1_113' title='bbox 1218 1099 1309 1127; x_wconf 87' lang='grc'>11011</span> <span class='ocrx_word' id='word_1_114' title='bbox 1342 1085 1451 1127; x_wconf 84' lang='lat' dir='ltr'><strong>satis</strong></span> <span class='ocrx_word' id='word_1_115' title='bbox 1483 1085 1625 1126; x_wconf 89' lang='lat' dir='ltr'><strong>iretur</strong></span> <span class='ocrx_word' id='word_1_116' title='bbox 1655 1099 1733 1141; x_wconf 89' lang='lat' dir='ltr'><strong>per</strong></span> <span class='ocrx_word' id='word_1_117' title='bbox 1762 1084 1843 1126; x_wconf 89' lang='lat' dir='ltr'><strong>hos</strong></span> <span class='ocrx_word' id='word_1_118' title='bbox 1874 1088 1962 1126; x_wconf 78' lang='lat' dir='ltr'><strong>tres</strong></span> 
     </span>
     <span class='ocr_line' id='line_1_14' title="bbox 264 1155 1963 1214; baseline -0.003 -13"><span class='ocrx_word' id='word_1_119' title='bbox 264 1158 432 1212; x_wconf 84' lang='lat' dir='ltr'><strong>modos,</strong></span> <span class='ocrx_word' id='word_1_120' title='bbox 473 1158 548 1199; x_wconf 90' lang='lat' dir='ltr'><strong>sed</strong></span> <span class='ocrx_word' id='word_1_121' title='bbox 582 1173 638 1199; x_wconf 90' lang='lat' dir='ltr'><strong>ne</strong></span> <span class='ocrx_word' id='word_1_122' title='bbox 674 1172 751 1214; x_wconf 91' lang='lat' dir='ltr'><strong>per</strong></span> <span class='ocrx_word' id='word_1_123' title='bbox 783 1161 996 1212; x_wconf 88' lang='lat' dir='ltr'><strong>quartum</strong></span> <span class='ocrx_word' id='word_1_124' title='bbox 1028 1155 1223 1211; x_wconf 89' lang='lat' dir='ltr'><strong>quidem,</strong></span> <span class='ocrx_word' id='word_1_125' title='bbox 1259 1155 1350 1211; x_wconf 86' lang='lat' dir='ltr'><strong>qui,</strong></span> <span class='ocrx_word' id='word_1_126' title='bbox 1383 1155 1535 1197; x_wconf 86' lang='lat' dir='ltr'><strong>liberis</strong></span> <span class='ocrx_word' id='word_1_127' title='bbox 1565 1155 1855 1212; x_wconf 84' lang='lat' dir='ltr'><strong>paucioribus</strong></span> <span class='ocrx_word' id='word_1_128' title='bbox 1887 1170 1963 1196; x_wconf 82' lang='lat' dir='ltr'><strong>ex—</strong></span> 
     </span>
     <span class='ocr_line' id='line_1_15' title="bbox 264 1226 1963 1286; baseline -0.002 -15"><span class='ocrx_word' id='word_1_129' title='bbox 264 1230 406 1286; x_wconf 85' lang='lat' dir='ltr'><strong>ceptis</strong></span> <span class='ocrx_word' id='word_1_130' title='bbox 439 1229 664 1280; x_wconf 87' lang='lat' dir='ltr'><strong>distincte,</strong></span> <span class='ocrx_word' id='word_1_131' title='bbox 698 1232 873 1270; x_wconf 89' lang='lat' dir='ltr'><strong>caetera</strong></span> <span class='ocrx_word' id='word_1_132' title='bbox 905 1227 1064 1269; x_wconf 89' lang='lat' dir='ltr'><strong>definit</strong></span> <span class='ocrx_word' id='word_1_133' title='bbox 1095 1227 1342 1269; x_wconf 81' lang='lat' dir='ltr'><strong>vniuersim</strong></span> <span class='ocrx_word' id='word_1_134' title='bbox 1374 1227 1459 1268; x_wconf 92' lang='grc'>1100</span> <span class='ocrx_word' id='word_1_135' title='bbox 1488 1226 1581 1268; x_wconf 87' lang='lat' dir='ltr'><strong>fere</strong></span> <span class='ocrx_word' id='word_1_136' title='bbox 1600 1226 1751 1268; x_wconf 90' lang='lat' dir='ltr'><strong>modo:</strong></span> <span class='ocrx_word' id='word_1_137' title='bbox 1776 1241 1963 1282; x_wconf 82' lang='lat' dir='ltr'><strong>sequan-</strong></span> 
     </span>
     <span class='ocr_line' id='line_1_16' title="bbox 263 1297 1964 1354; baseline -0.002 -12"><span class='ocrx_word' id='word_1_138' title='bbox 263 1308 336 1343; x_wconf 73' lang='lat' dir='ltr'><strong>tm·</strong></span> <span class='ocrx_word' id='word_1_139' title='bbox 377 1299 532 1342; x_wconf 82' lang='lat' dir='ltr'><strong>Nostri</strong></span> <span class='ocrx_word' id='word_1_140' title='bbox 578 1299 832 1341; x_wconf 84' lang='lat' dir='ltr'><strong>doctrinam</strong></span> <span class='ocrx_word' id='word_1_141' title='bbox 878 1298 1076 1354; x_wconf 90' lang='lat' dir='ltr'><strong>plurium</strong></span> <span class='ocrx_word' id='word_1_142' title='bbox 1124 1299 1195 1340; x_wconf 90' lang='lat' dir='ltr'><strong>vel</strong></span> <span class='ocrx_word' id='word_1_143' title='bbox 1244 1298 1540 1340; x_wconf 86' lang='lat' dir='ltr'><strong>illustriorum</strong></span> <span class='ocrx_word' id='word_1_144' title='bbox 1581 1298 1844 1351; x_wconf 86' lang='lat' dir='ltr'><strong>Doctorum,</strong></span> <span class='ocrx_word' id='word_1_145' title='bbox 1887 1297 1964 1352; x_wconf 92' lang='lat' dir='ltr'><strong>qui</strong></span> 
     </span>
     <span class='ocr_line' id='line_1_17' title="bbox 264 1368 1966 1425; baseline -0.003 -11"><span class='ocrx_word' id='word_1_146' title='bbox 264 1372 448 1414; x_wconf 79' lang='lat' dir='ltr'><strong>fuerunt</strong></span> <span class='ocrx_word' id='word_1_147' title='bbox 486 1376 565 1412; x_wconf 90' lang='lat' dir='ltr'><strong>aut</strong></span> <span class='ocrx_word' id='word_1_148' title='bbox 605 1370 736 1412; x_wconf 89' lang='lat' dir='ltr'><strong>modo</strong></span> <span class='ocrx_word' id='word_1_149' title='bbox 778 1369 952 1411; x_wconf 88' lang='lat' dir='ltr'><strong>florent.</strong></span> <span class='ocrx_word' id='word_1_150' title='bbox 1018 1370 1106 1412; x_wconf 85' lang='lat' dir='ltr'><strong>Sed</strong></span> <span class='ocrx_word' id='word_1_151' title='bbox 1144 1369 1230 1412; x_wconf 91' lang='lat' dir='ltr'><strong>hoc</strong></span> <span class='ocrx_word' id='word_1_152' title='bbox 1260 1369 1391 1411; x_wconf 88' lang='lat' dir='ltr'><strong>valde</strong></span> <span class='ocrx_word' id='word_1_153' title='bbox 1422 1369 1685 1425; x_wconf 84' lang='lat' dir='ltr'><strong>perplexum</strong></span> <span class='ocrx_word' id='word_1_154' title='bbox 1718 1374 1851 1424; x_wconf 82' lang='lat' dir='ltr'><strong>atque</strong></span> <span class='ocrx_word' id='word_1_155' title='bbox 1883 1368 1966 1409; x_wconf 87' lang='lat' dir='ltr'><strong>im-</strong></span> 
     </span>
     <span class='ocr_line' id='line_1_18' title="bbox 264 1440 1964 1501; baseline -0.003 -16"><span class='ocrx_word' id='word_1_156' title='bbox 264 1443 475 1501; x_wconf 85' lang='lat' dir='ltr'><strong>plicitum</strong></span> <span class='ocrx_word' id='word_1_157' title='bbox 506 1448 585 1484; x_wconf 90' lang='lat' dir='ltr'><strong>est.</strong></span> <span class='ocrx_word' id='word_1_158' title='bbox 648 1442 765 1482; x_wconf 81' lang='lat' dir='ltr'><strong>Nam</strong></span> <span class='ocrx_word' id='word_1_159' title='bbox 798 1457 880 1483; x_wconf 78' lang='grc'>1100</span> <span class='ocrx_word' id='word_1_160' title='bbox 914 1455 1098 1497; x_wconf 83' lang='lat' dir='ltr'><strong>semper,</strong></span> <span class='ocrx_word' id='word_1_161' title='bbox 1133 1456 1221 1497; x_wconf 92' lang='lat' dir='ltr'><strong>quo</strong></span> <span class='ocrx_word' id='word_1_162' title='bbox 1254 1440 1397 1496; x_wconf 84' lang='lat' dir='ltr'><strong>major</strong></span> <span class='ocrx_word' id='word_1_163' title='bbox 1428 1445 1495 1482; x_wconf 88' lang='lat' dir='ltr'><strong>est</strong></span> <span class='ocrx_word' id='word_1_164' title='bbox 1526 1440 1775 1482; x_wconf 86' lang='lat' dir='ltr'><strong>Doctorum</strong></span> <span class='ocrx_word' id='word_1_165' title='bbox 1807 1455 1964 1481; x_wconf 86' lang='lat' dir='ltr'><strong>nume-</strong></span> 
     </span>
     <span class='ocr_line' id='line_1_19' title="bbox 264 1510 1966 1569; baseline -0.002 -14"><span class='ocrx_word' id='word_1_166' title='bbox 264 1529 354 1568; x_wconf 89' lang='lat' dir='ltr'><strong>rus,</strong></span> <span class='ocrx_word' id='word_1_167' title='bbox 396 1528 446 1555; x_wconf 90' lang='lat' dir='ltr'><strong>eo</strong></span> <span class='ocrx_word' id='word_1_168' title='bbox 488 1513 799 1569; x_wconf 85' lang='lat' dir='ltr'><strong>probabiliora</strong></span> <span class='ocrx_word' id='word_1_169' title='bbox 838 1513 1029 1566; x_wconf 88' lang='lat' dir='ltr'><strong>disserit,</strong></span> <span class='ocrx_word' id='word_1_170' title='bbox 1070 1527 1166 1563; x_wconf 76' lang='lat' dir='ltr'><strong>nec,</strong></span> <span class='ocrx_word' id='word_1_171' title='bbox 1210 1513 1247 1553; x_wconf 88' lang='lat' dir='ltr'><strong>si</strong></span> <span class='ocrx_word' id='word_1_172' title='bbox 1281 1512 1324 1553; x_wconf 90' lang='lat' dir='ltr'><strong>S.</strong></span> <span class='ocrx_word' id='word_1_173' title='bbox 1353 1511 1574 1552; x_wconf 83' lang='lat' dir='ltr'><strong>Thomam</strong></span> <span class='ocrx_word' id='word_1_174' title='bbox 1607 1510 1817 1566; x_wconf 85' lang='lat' dir='ltr'><strong>excipias,</strong></span> <span class='ocrx_word' id='word_1_175' title='bbox 1849 1525 1966 1552; x_wconf 84' lang='lat' dir='ltr'><strong>vnus</strong></span> 
     </span>
     <span class='ocr_line' id='line_1_20' title="bbox 266 1581 1967 1641; baseline -0.003 -14"><span class='ocrx_word' id='word_1_176' title='bbox 266 1585 430 1641; x_wconf 87' lang='lat' dir='ltr'><strong>aliquis</strong></span> <span class='ocrx_word' id='word_1_177' title='bbox 462 1585 527 1626; x_wconf 89' lang='lat' dir='ltr'><strong>ita</strong></span> <span class='ocrx_word' id='word_1_178' title='bbox 561 1590 759 1626; x_wconf 88' lang='lat' dir='ltr'><strong>caeteros</strong></span> <span class='ocrx_word' id='word_1_179' title='bbox 791 1584 1105 1640; x_wconf 82' lang='lat' dir='ltr'><strong>supereminet,</strong></span> <span class='ocrx_word' id='word_1_180' title='bbox 1139 1587 1191 1624; x_wconf 86' lang='lat' dir='ltr'><strong>vt</strong></span> <span class='ocrx_word' id='word_1_181' title='bbox 1223 1581 1391 1638; x_wconf 86' lang='lat' dir='ltr'><strong>passim</strong></span> <span class='ocrx_word' id='word_1_182' title='bbox 1413 1587 1493 1623; x_wconf 89' lang='lat' dir='ltr'><strong>aut</strong></span> <span class='ocrx_word' id='word_1_183' title='bbox 1515 1582 1760 1638; x_wconf 86' lang='lat' dir='ltr'><strong>plurimum</strong></span> <span class='ocrx_word' id='word_1_184' title='bbox 1783 1595 1967 1636; x_wconf 85' lang='lat' dir='ltr'><strong>sequen-</strong></span> 
     </span>
     <span class='ocr_line' id='line_1_21' title="bbox 267 1651 1965 1707; baseline -0.003 -9"><span class='ocrx_word' id='word_1_185' title='bbox 267 1657 350 1698; x_wconf 85' lang='lat' dir='ltr'><strong>dus</strong></span> <span class='ocrx_word' id='word_1_186' title='bbox 381 1656 606 1698; x_wconf 83' lang='lat' dir='ltr'><strong>videatur.</strong></span> <span class='ocrx_word' id='word_1_187' title='bbox 669 1656 775 1697; x_wconf 88' lang='lat' dir='ltr'><strong>Alia-</strong></span> <span class='ocrx_word' id='word_1_188' title='bbox 803 1655 978 1707; x_wconf 86' lang='lat' dir='ltr'><strong>Sootus,</strong></span> <span class='ocrx_word' id='word_1_189' title='bbox 1013 1655 1101 1696; x_wconf 83' lang='lat' dir='ltr'><strong>alia</strong></span> <span class='ocrx_word' id='word_1_190' title='bbox 1124 1654 1463 1706; x_wconf 89' lang='lat' dir='ltr'><strong>Bonauentura,</strong></span> <span class='ocrx_word' id='word_1_191' title='bbox 1485 1652 1573 1694; x_wconf 87' lang='lat' dir='ltr'><strong>alia</strong></span> <span class='ocrx_word' id='word_1_192' title='bbox 1595 1651 1853 1706; x_wconf 86' lang='lat' dir='ltr'><strong>Durandus,</strong></span> <span class='ocrx_word' id='word_1_193' title='bbox 1876 1652 1965 1694; x_wconf 89' lang='lat' dir='ltr'><strong>alia</strong></span> 
     </span>
     <span class='ocr_line' id='line_1_22' title="bbox 267 1722 1965 1784; baseline -0.004 -14"><span class='ocrx_word' id='word_1_194' title='bbox 267 1727 343 1784; x_wconf 83' lang='lat' dir='ltr'><strong>alij</strong></span> <span class='ocrx_word' id='word_1_195' title='bbox 377 1727 543 1769; x_wconf 88' lang='lat' dir='ltr'><strong>rectius</strong></span> <span class='ocrx_word' id='word_1_196' title='bbox 576 1726 815 1768; x_wconf 86' lang='lat' dir='ltr'><strong>tradidere.</strong></span> <span class='ocrx_word' id='word_1_197' title='bbox 880 1726 1104 1781; x_wconf 84' lang='lat' dir='ltr'><strong>Colligere</strong></span> <span class='ocrx_word' id='word_1_198' title='bbox 1132 1739 1238 1766; x_wconf 85' lang='lat' dir='ltr'><strong>vero</strong></span> <span class='ocrx_word' id='word_1_199' title='bbox 1262 1724 1435 1780; x_wconf 88' lang='lat' dir='ltr'><strong>optima</strong></span> <span class='ocrx_word' id='word_1_200' title='bbox 1457 1738 1662 1779; x_wconf 86' lang='lat' dir='ltr'><strong>quaeque</strong></span> <span class='ocrx_word' id='word_1_201' title='bbox 1684 1723 1738 1764; x_wconf 97' lang='grc'><strong>(10</strong></span> <span class='ocrx_word' id='word_1_202' title='bbox 1760 1722 1965 1778; x_wconf 73' lang='lat' dir='ltr'><strong>singuliS,</strong></span> 
     </span>
     <span class='ocr_line' id='line_1_23' title="bbox 266 1794 1965 1853; baseline -0.002 -14"><span class='ocrx_word' id='word_1_203' title='bbox 266 1804 310 1839; x_wconf 89' lang='lat' dir='ltr'><strong>et</strong></span> <span class='ocrx_word' id='word_1_204' title='bbox 342 1812 506 1853; x_wconf 89' lang='lat' dir='ltr'><strong>anceps</strong></span> <span class='ocrx_word' id='word_1_205' title='bbox 539 1802 582 1839; x_wconf 91' lang='lat' dir='ltr'><strong>et</strong></span> <span class='ocrx_word' id='word_1_206' title='bbox 615 1811 753 1853; x_wconf 87' lang='lat' dir='ltr'><strong>prope</strong></span> <span class='ocrx_word' id='word_1_207' title='bbox 784 1796 965 1838; x_wconf 87' lang='lat' dir='ltr'><strong>infinita</strong></span> <span class='ocrx_word' id='word_1_208' title='bbox 997 1811 1065 1837; x_wconf 86' lang='lat' dir='ltr'><strong>res</strong></span> <span class='ocrx_word' id='word_1_209' title='bbox 1098 1800 1177 1837; x_wconf 90' lang='lat' dir='ltr'><strong>est.</strong></span> <span class='ocrx_word' id='word_1_210' title='bbox 1240 1795 1368 1837; x_wconf 90' lang='lat' dir='ltr'><strong>Vnus</strong></span> <span class='ocrx_word' id='word_1_211' title='bbox 1401 1800 1467 1836; x_wconf 89' lang='lat' dir='ltr'><strong>est</strong></span> <span class='ocrx_word' id='word_1_212' title='bbox 1491 1795 1534 1836; x_wconf 86' lang='lat' dir='ltr'><strong>S.</strong></span> <span class='ocrx_word' id='word_1_213' title='bbox 1558 1794 1767 1848; x_wconf 81' lang='lat' dir='ltr'><strong>Thomas,</strong></span> <span class='ocrx_word' id='word_1_214' title='bbox 1791 1794 1844 1836; x_wconf 93' lang='lat' dir='ltr'><strong>de</strong></span> <span class='ocrx_word' id='word_1_215' title='bbox 1864 1809 1965 1850; x_wconf 91' lang='lat' dir='ltr'><strong>quo,</strong></span> 
     </span>
     <span class='ocr_line' id='line_1_24' title="bbox 268 1866 1969 1925; baseline -0.001 -16"><span class='ocrx_word' id='word_1_216' title='bbox 268 1869 306 1911; x_wconf 79' lang='lat' dir='ltr'><strong>si</strong></span> <span class='ocrx_word' id='word_1_217' title='bbox 346 1883 490 1925; x_wconf 86' lang='lat' dir='ltr'><strong>pauca</strong></span> <span class='ocrx_word' id='word_1_218' title='bbox 525 1868 745 1924; x_wconf 87' lang='lat' dir='ltr'><strong>quaedam</strong></span> <span class='ocrx_word' id='word_1_219' title='bbox 778 1867 992 1909; x_wconf 88' lang='lat' dir='ltr'><strong>distincte</strong></span> <span class='ocrx_word' id='word_1_220' title='bbox 1025 1867 1228 1923; x_wconf 87' lang='lat' dir='ltr'><strong>exposita</strong></span> <span class='ocrx_word' id='word_1_221' title='bbox 1260 1866 1614 1921; x_wconf 86' lang='lat' dir='ltr'><strong>vniuscuiusque</strong></span> <span class='ocrx_word' id='word_1_222' title='bbox 1645 1866 1969 1922; x_wconf 88' lang='lat' dir='ltr'><strong>permittantur</strong></span> 
     </span>
     <span class='ocr_line' id='line_1_25' title="bbox 269 1936 1967 1995; baseline -0.002 -13"><span class='ocrx_word' id='word_1_223' title='bbox 269 1940 471 1994; x_wconf 87' lang='lat' dir='ltr'><strong>arbitrio,</strong></span> <span class='ocrx_word' id='word_1_224' title='bbox 503 1939 551 1981; x_wconf 88' lang='lat' dir='ltr'><strong>in</strong></span> <span class='ocrx_word' id='word_1_225' title='bbox 582 1939 766 1995; x_wconf 88' lang='lat' dir='ltr'><strong>reliquis</strong></span> <span class='ocrx_word' id='word_1_226' title='bbox 799 1939 938 1980; x_wconf 84' lang='lat' dir='ltr'><strong>statui</strong></span> <span class='ocrx_word' id='word_1_227' title='bbox 970 1938 1219 1994; x_wconf 83' lang='lat' dir='ltr'><strong>generatim</strong></span> <span class='ocrx_word' id='word_1_228' title='bbox 1253 1942 1414 1994; x_wconf 89' lang='lat' dir='ltr'><strong>posset,</strong></span> <span class='ocrx_word' id='word_1_229' title='bbox 1447 1943 1498 1979; x_wconf 93' lang='lat' dir='ltr'><strong>vt</strong></span> <span class='ocrx_word' id='word_1_230' title='bbox 1530 1937 1586 1979; x_wconf 91' lang='lat' dir='ltr'><strong>ab</strong></span> <span class='ocrx_word' id='word_1_231' title='bbox 1621 1951 1672 1978; x_wconf 91' lang='lat' dir='ltr'><strong>eo</strong></span> <span class='ocrx_word' id='word_1_232' title='bbox 1703 1937 1857 1978; x_wconf 88' lang='lat' dir='ltr'><strong>nullus</strong></span> <span class='ocrx_word' id='word_1_233' title='bbox 1890 1936 1967 1978; x_wconf 87' lang='lat' dir='ltr'><strong>ab·</strong></span> 
     </span>
     <span class='ocr_line' id='line_1_26' title="bbox 271 2007 1969 2066; baseline -0.002 -13"><span class='ocrx_word' id='word_1_234' title='bbox 271 2011 435 2053; x_wconf 85' lang='lat' dir='ltr'><strong>scedat.</strong></span> <span class='ocrx_word' id='word_1_235' title='bbox 500 2011 589 2052; x_wconf 89' lang='lat' dir='ltr'><strong>Sed</strong></span> <span class='ocrx_word' id='word_1_236' title='bbox 620 2025 677 2052; x_wconf 89' lang='lat' dir='ltr'><strong>ne</strong></span> <span class='ocrx_word' id='word_1_237' title='bbox 710 2010 757 2052; x_wconf 91' lang='lat' dir='ltr'><strong>id</strong></span> <span class='ocrx_word' id='word_1_238' title='bbox 791 2010 973 2066; x_wconf 84' lang='lat' dir='ltr'><strong>quidem</strong></span> <span class='ocrx_word' id='word_1_239' title='bbox 1006 2010 1113 2051; x_wconf 86' lang='lat' dir='ltr'><strong>satis</strong></span> <span class='ocrx_word' id='word_1_240' title='bbox 1146 2009 1278 2051; x_wconf 89' lang='lat' dir='ltr'><strong>malis</strong></span> <span class='ocrx_word' id='word_1_241' title='bbox 1311 2008 1520 2051; x_wconf 89' lang='lat' dir='ltr'><strong>omnibus</strong></span> <span class='ocrx_word' id='word_1_242' title='bbox 1541 2007 1803 2061; x_wconf 86' lang='lat' dir='ltr'><strong>mederetur,</strong></span> <span class='ocrx_word' id='word_1_243' title='bbox 1823 2008 1969 2050; x_wconf 88' lang='lat' dir='ltr'><strong>tribus</strong></span> 
     </span>
     <span class='ocr_line' id='line_1_27' title="bbox 268 2078 1968 2139; baseline -0.002 -16"><span class='ocrx_word' id='word_1_244' title='bbox 268 2082 554 2139; x_wconf 87' lang='lat' dir='ltr'><strong>potissimum</strong></span> <span class='ocrx_word' id='word_1_245' title='bbox 588 2081 640 2123; x_wconf 90' lang='lat' dir='ltr'><strong>de</strong></span> <span class='ocrx_word' id='word_1_246' title='bbox 673 2082 834 2122; x_wconf 88' lang='lat' dir='ltr'><strong>causis:</strong></span> <span class='ocrx_word' id='word_1_247' title='bbox 869 2082 1065 2137; x_wconf 88' lang='lat' dir='ltr'><strong>primum</strong></span> <span class='ocrx_word' id='word_1_248' title='bbox 1100 2080 1296 2136; x_wconf 88' lang='lat' dir='ltr'><strong>quidem,</strong></span> <span class='ocrx_word' id='word_1_249' title='bbox 1328 2079 1434 2135; x_wconf 87' lang='lat' dir='ltr'><strong>quia</strong></span> <span class='ocrx_word' id='word_1_250' title='bbox 1454 2080 1688 2136; x_wconf 85' lang='lat' dir='ltr'><strong>plerasque</strong></span> <span class='ocrx_word' id='word_1_251' title='bbox 1712 2079 1755 2121; x_wconf 92' lang='lat' dir='ltr'><strong>S.</strong></span> <span class='ocrx_word' id='word_1_252' title='bbox 1773 2078 1968 2120; x_wconf 84' lang='lat' dir='ltr'><strong>Thomas</strong></span> 
     </span>
    </p>
   </div>
   <div class='ocr_carea' id='block_1_5' title="bbox 180 2149 1968 2208">
    <p class='ocr_par' dir='ltr' id='par_1_5' title="bbox 180 2149 1968 2208">
     <span class='ocr_line' id='line_1_28' title="bbox 180 2149 1968 2208; baseline -0.002 -13"><span class='ocrx_word' id='word_1_253' title='bbox 180 2188 186 2195; x_wconf 93' lang='lat'><strong>.</strong></span> <span class='ocrx_word' id='word_1_254' title='bbox 246 2152 353 2195; x_wconf 82' lang='lat' dir='ltr'><strong>.vix</strong></span> <span class='ocrx_word' id='word_1_255' title='bbox 402 2152 594 2208; x_wconf 82' lang='lat' dir='ltr'><strong>attingit</strong></span> <span class='ocrx_word' id='word_1_256' title='bbox 648 2151 988 2207; x_wconf 81' lang='lat' dir='ltr'><strong>disputationes,</strong></span> <span class='ocrx_word' id='word_1_257' title='bbox 1041 2158 1093 2194; x_wconf 90' lang='lat' dir='ltr'><strong>vt</strong></span> <span class='ocrx_word' id='word_1_258' title='bbox 1131 2155 1138 2207; x_wconf 57' lang='grc' dir='ltr'>ἱ</span> <span class='ocrx_word' id='word_1_259' title='bbox 1176 2151 1229 2193; x_wconf 85' lang='grc'><strong>(10</strong></span> <span class='ocrx_word' id='word_1_260' title='bbox 1276 2150 1491 2204; x_wconf 86' lang='lat' dir='ltr'><strong>Ecclesia,</strong></span> <span class='ocrx_word' id='word_1_261' title='bbox 1537 2150 1590 2191; x_wconf 91' lang='lat' dir='ltr'><strong>de</strong></span> <span class='ocrx_word' id='word_1_262' title='bbox 1639 2149 1866 2205; x_wconf 81' lang='lat' dir='ltr'><strong>ConcilijS,</strong></span> <span class='ocrx_word' id='word_1_263' title='bbox 1915 2149 1968 2191; x_wconf 90' lang='grc'><strong>(10</strong></span> 
     </span>
    </p>
   </div>
   <div class='ocr_carea' id='block_1_6' title="bbox 249 2220 1976 3133">
    <p class='ocr_par' dir='ltr' id='par_1_6' title="bbox 249 2220 1976 3133">
     <span class='ocr_line' id='line_1_29' title="bbox 271 2220 1968 2278; baseline -0.002 -13"><span class='ocrx_word' id='word_1_264' title='bbox 271 2223 495 2265; x_wconf 86' lang='lat' dir='ltr'><strong>Pontifice</strong></span> <span class='ocrx_word' id='word_1_265' title='bbox 534 2223 755 2277; x_wconf 86' lang='lat' dir='ltr'><strong>Romano,</strong></span> <span class='ocrx_word' id='word_1_266' title='bbox 797 2228 840 2264; x_wconf 93' lang='lat' dir='ltr'><strong>et</strong></span> <span class='ocrx_word' id='word_1_267' title='bbox 873 2222 983 2264; x_wconf 84' lang='lat' dir='ltr'><strong>alias</strong></span> <span class='ocrx_word' id='word_1_268' title='bbox 1015 2222 1062 2264; x_wconf 89' lang='lat' dir='ltr'><strong>id</strong></span> <span class='ocrx_word' id='word_1_269' title='bbox 1094 2237 1236 2278; x_wconf 84' lang='lat' dir='ltr'><strong>genus</strong></span> <span class='ocrx_word' id='word_1_270' title='bbox 1268 2222 1573 2277; x_wconf 83' lang='lat' dir='ltr'><strong>grauissimas,</strong></span> <span class='ocrx_word' id='word_1_271' title='bbox 1607 2220 1716 2276; x_wconf 89' lang='lat' dir='ltr'><strong>quin</strong></span> <span class='ocrx_word' id='word_1_272' title='bbox 1750 2220 1889 2262; x_wconf 89' lang='lat' dir='ltr'><strong>etiam</strong></span> <span class='ocrx_word' id='word_1_273' title='bbox 1921 2221 1968 2262; x_wconf 91' lang='lat' dir='ltr'><strong>in</strong></span> 
     </span>
     <span class='ocr_line' id='line_1_30' title="bbox 271 2292 1970 2346; baseline -0.002 -10"><span class='ocrx_word' id='word_1_274' title='bbox 271 2295 485 2337; x_wconf 88' lang='lat' dir='ltr'><strong>Partibus</strong></span> <span class='ocrx_word' id='word_1_275' title='bbox 519 2295 728 2337; x_wconf 84' lang='lat' dir='ltr'><strong>Summae</strong></span> <span class='ocrx_word' id='word_1_276' title='bbox 762 2300 805 2335; x_wconf 90' lang='lat' dir='ltr'><strong>et</strong></span> <span class='ocrx_word' id='word_1_277' title='bbox 836 2295 884 2335; x_wconf 87' lang='lat' dir='ltr'><strong>in</strong></span> <span class='ocrx_word' id='word_1_278' title='bbox 916 2294 1134 2336; x_wconf 86' lang='lat' dir='ltr'><strong>Articulis</strong></span> <span class='ocrx_word' id='word_1_279' title='bbox 1168 2294 1211 2336; x_wconf 91' lang='lat' dir='ltr'><strong>S.</strong></span> <span class='ocrx_word' id='word_1_280' title='bbox 1235 2293 1434 2335; x_wconf 82' lang='lat' dir='ltr'><strong>Thomae</strong></span> <span class='ocrx_word' id='word_1_281' title='bbox 1466 2307 1546 2334; x_wconf 90' lang='lat' dir='ltr'><strong>nec</strong></span> <span class='ocrx_word' id='word_1_282' title='bbox 1578 2306 1717 2346; x_wconf 87' lang='lat' dir='ltr'><strong>rarae,</strong></span> <span class='ocrx_word' id='word_1_283' title='bbox 1746 2307 1828 2333; x_wconf 89' lang='lat' dir='ltr'><strong>nec</strong></span> <span class='ocrx_word' id='word_1_284' title='bbox 1849 2292 1970 2333; x_wconf 85' lang='lat' dir='ltr'><strong>leues</strong></span> 
     </span>
     <span class='ocr_line' id='line_1_31' title="bbox 271 2362 1972 2421; baseline -0.002 -14"><span class='ocrx_word' id='word_1_285' title='bbox 271 2367 583 2407; x_wconf 88' lang='lat' dir='ltr'><strong>intercurrunt</strong></span> <span class='ocrx_word' id='word_1_286' title='bbox 609 2365 893 2421; x_wconf 85' lang='lat' dir='ltr'><strong>quaestiones</strong></span> <span class='ocrx_word' id='word_1_287' title='bbox 931 2381 957 2406; x_wconf 88' lang='lat' dir='ltr'><strong>a</strong></span> <span class='ocrx_word' id='word_1_288' title='bbox 990 2366 1032 2407; x_wconf 85' lang='lat' dir='ltr'><strong>S.</strong></span> <span class='ocrx_word' id='word_1_289' title='bbox 1063 2364 1238 2406; x_wconf 84' lang='lat' dir='ltr'><strong>Thoma</strong></span> <span class='ocrx_word' id='word_1_290' title='bbox 1269 2377 1360 2405; x_wconf 90' lang='lat' dir='ltr'><strong>non</strong></span> <span class='ocrx_word' id='word_1_291' title='bbox 1393 2363 1503 2404; x_wconf 85' lang='lat' dir='ltr'><strong>satis</strong></span> <span class='ocrx_word' id='word_1_292' title='bbox 1536 2362 1762 2416; x_wconf 87' lang='lat' dir='ltr'><strong>definitae,</strong></span> <span class='ocrx_word' id='word_1_293' title='bbox 1795 2362 1844 2403; x_wconf 90' lang='lat' dir='ltr'><strong>in</strong></span> <span class='ocrx_word' id='word_1_294' title='bbox 1876 2363 1972 2418; x_wconf 88' lang='lat' dir='ltr'><strong>qui-</strong></span> 
     </span>
     <span class='ocr_line' id='line_1_32' title="bbox 274 2433 1970 2493; baseline -0.002 -16"><span class='ocrx_word' id='word_1_295' title='bbox 274 2437 358 2478; x_wconf 83' lang='lat' dir='ltr'><strong>bus</strong></span> <span class='ocrx_word' id='word_1_296' title='bbox 390 2452 493 2479; x_wconf 92' lang='lat' dir='ltr'><strong>cum</strong></span> <span class='ocrx_word' id='word_1_297' title='bbox 526 2437 794 2479; x_wconf 88' lang='lat' dir='ltr'><strong>Nostrorum</strong></span> <span class='ocrx_word' id='word_1_298' title='bbox 827 2437 979 2493; x_wconf 86' lang='lat' dir='ltr'><strong>lapsus</strong></span> <span class='ocrx_word' id='word_1_299' title='bbox 1011 2436 1211 2478; x_wconf 85' lang='lat' dir='ltr'><strong>accidere</strong></span> <span class='ocrx_word' id='word_1_300' title='bbox 1242 2435 1397 2491; x_wconf 86' lang='lat' dir='ltr'><strong>possit,</strong></span> <span class='ocrx_word' id='word_1_301' title='bbox 1431 2439 1475 2475; x_wconf 93' lang='lat' dir='ltr'><strong>et</strong></span> <span class='ocrx_word' id='word_1_302' title='bbox 1507 2437 1636 2475; x_wconf 80' lang='lat' dir='ltr'><strong>tanto</strong></span> <span class='ocrx_word' id='word_1_303' title='bbox 1667 2433 1827 2488; x_wconf 81' lang='lat' dir='ltr'><strong>magis,</strong></span> <span class='ocrx_word' id='word_1_304' title='bbox 1850 2434 1970 2489; x_wconf 89' lang='lat' dir='ltr'><strong>quod</strong></span> 
     </span>
     <span class='ocr_line' id='line_1_33' title="bbox 275 2504 1971 2563; baseline -0.002 -14"><span class='ocrx_word' id='word_1_305' title='bbox 275 2508 386 2549; x_wconf 87' lang='lat' dir='ltr'><strong>duce</strong></span> <span class='ocrx_word' id='word_1_306' title='bbox 432 2509 476 2550; x_wconf 91' lang='lat' dir='ltr'><strong>S.</strong></span> <span class='ocrx_word' id='word_1_307' title='bbox 511 2507 685 2549; x_wconf 86' lang='lat' dir='ltr'><strong>Thoma</strong></span> <span class='ocrx_word' id='word_1_308' title='bbox 732 2513 927 2561; x_wconf 86' lang='lat' dir='ltr'><strong>careant,</strong></span> <span class='ocrx_word' id='word_1_309' title='bbox 966 2508 1020 2549; x_wconf 87' lang='lat' dir='ltr'><strong>de</strong></span> <span class='ocrx_word' id='word_1_310' title='bbox 1065 2507 1122 2563; x_wconf 82' lang='lat' dir='ltr'><strong>ijs</strong></span> <span class='ocrx_word' id='word_1_311' title='bbox 1167 2521 1344 2562; x_wconf 90' lang='lat' dir='ltr'><strong>quoque</strong></span> <span class='ocrx_word' id='word_1_312' title='bbox 1382 2504 1592 2547; x_wconf 89' lang='lat' dir='ltr'><strong>nonnihil</strong></span> <span class='ocrx_word' id='word_1_313' title='bbox 1630 2504 1719 2546; x_wconf 90' lang='lat' dir='ltr'><strong>fuit</strong></span> <span class='ocrx_word' id='word_1_314' title='bbox 1759 2505 1971 2546; x_wconf 85' lang='lat' dir='ltr'><strong>distincte</strong></span> 
     </span>
     <span class='ocr_line' id='line_1_34' title="bbox 274 2575 1972 2635; baseline -0.001 -16"><span class='ocrx_word' id='word_1_315' title='bbox 274 2578 682 2635; x_wconf 85' lang='lat' dir='ltr'><strong>praescribendum.</strong></span> <span class='ocrx_word' id='word_1_316' title='bbox 745 2578 921 2620; x_wconf 89' lang='lat' dir='ltr'><strong>Deinde</strong></span> <span class='ocrx_word' id='word_1_317' title='bbox 953 2579 1060 2634; x_wconf 86' lang='lat' dir='ltr'><strong>quia</strong></span> <span class='ocrx_word' id='word_1_318' title='bbox 1091 2592 1417 2632; x_wconf 82' lang='lat' dir='ltr'><strong>nonnunquam</strong></span> <span class='ocrx_word' id='word_1_319' title='bbox 1450 2576 1701 2619; x_wconf 87' lang='lat' dir='ltr'><strong>communis</strong></span> <span class='ocrx_word' id='word_1_320' title='bbox 1723 2575 1972 2631; x_wconf 85' lang='lat' dir='ltr'><strong>Theologo-</strong></span> 
     </span>
     <span class='ocr_line' id='line_1_35' title="bbox 275 2648 1972 2705; baseline -0.001 -16"><span class='ocrx_word' id='word_1_321' title='bbox 275 2663 374 2689; x_wconf 88' lang='lat' dir='ltr'><strong>rum</strong></span> <span class='ocrx_word' id='word_1_322' title='bbox 417 2649 570 2691; x_wconf 85' lang='lat' dir='ltr'><strong>schola</strong></span> <span class='ocrx_word' id='word_1_323' title='bbox 608 2655 652 2691; x_wconf 92' lang='lat' dir='ltr'><strong>et</strong></span> <span class='ocrx_word' id='word_1_324' title='bbox 691 2649 932 2691; x_wconf 87' lang='lat' dir='ltr'><strong>vehemens</strong></span> <span class='ocrx_word' id='word_1_325' title='bbox 974 2654 1107 2705; x_wconf 89' lang='lat' dir='ltr'><strong>atque</strong></span> <span class='ocrx_word' id='word_1_326' title='bbox 1151 2649 1309 2691; x_wconf 83' lang='lat' dir='ltr'><strong>efficax</strong></span> <span class='ocrx_word' id='word_1_327' title='bbox 1340 2648 1455 2690; x_wconf 87' lang='lat' dir='ltr'><strong>ratio</strong></span> <span class='ocrx_word' id='word_1_328' title='bbox 1489 2648 1537 2689; x_wconf 88' lang='lat' dir='ltr'><strong>in</strong></span> <span class='ocrx_word' id='word_1_329' title='bbox 1569 2648 1767 2703; x_wconf 81' lang='lat' dir='ltr'><strong>aliquam</strong></span> <span class='ocrx_word' id='word_1_330' title='bbox 1799 2651 1972 2688; x_wconf 81' lang='lat' dir='ltr'><strong>senten-</strong></span> 
     </span>
     <span class='ocr_line' id='line_1_36' title="bbox 276 2719 1974 2776; baseline -0.001 -16"><span class='ocrx_word' id='word_1_331' title='bbox 276 2720 388 2761; x_wconf 81' lang='lat' dir='ltr'><strong>tiam</strong></span> <span class='ocrx_word' id='word_1_332' title='bbox 432 2721 475 2761; x_wconf 80' lang='lat' dir='ltr'><strong>S.</strong></span> <span class='ocrx_word' id='word_1_333' title='bbox 505 2721 701 2764; x_wconf 83' lang='lat' dir='ltr'><strong>Thomae</strong></span> <span class='ocrx_word' id='word_1_334' title='bbox 740 2721 1071 2762; x_wconf 83' lang='lat' dir='ltr'><strong>dissentaneam</strong></span> <span class='ocrx_word' id='word_1_335' title='bbox 1110 2719 1404 2776; x_wconf 87' lang='lat' dir='ltr'><strong>propendent,</strong></span> <span class='ocrx_word' id='word_1_336' title='bbox 1438 2734 1526 2774; x_wconf 86' lang='lat' dir='ltr'><strong>quo</strong></span> <span class='ocrx_word' id='word_1_337' title='bbox 1558 2719 1657 2761; x_wconf 91' lang='grc'>1000</span> <span class='ocrx_word' id='word_1_338' title='bbox 1690 2733 1848 2775; x_wconf 87' lang='lat' dir='ltr'><strong>operae</strong></span> <span class='ocrx_word' id='word_1_339' title='bbox 1878 2732 1974 2774; x_wconf 89' lang='lat' dir='ltr'><strong>pre-</strong></span> 
     </span>
     <span class='ocr_line' id='line_1_37' title="bbox 277 2788 1972 2843; baseline -0.001 -11"><span class='ocrx_word' id='word_1_340' title='bbox 277 2791 393 2832; x_wconf 88' lang='lat' dir='ltr'><strong>tium</strong></span> <span class='ocrx_word' id='word_1_341' title='bbox 426 2797 494 2832; x_wconf 82' lang='lat' dir='ltr'><strong>est</strong></span> <span class='ocrx_word' id='word_1_342' title='bbox 526 2792 598 2833; x_wconf 88' lang='lat' dir='ltr'><strong>vel</strong></span> <span class='ocrx_word' id='word_1_343' title='bbox 624 2793 667 2834; x_wconf 92' lang='lat' dir='ltr'><strong>S.</strong></span> <span class='ocrx_word' id='word_1_344' title='bbox 691 2791 910 2833; x_wconf 88' lang='lat' dir='ltr'><strong>Thomam</strong></span> <span class='ocrx_word' id='word_1_345' title='bbox 933 2791 1129 2833; x_wconf 87' lang='lat' dir='ltr'><strong>deserere</strong></span> <span class='ocrx_word' id='word_1_346' title='bbox 1148 2794 1416 2843; x_wconf 88' lang='lat' dir='ltr'><strong>reuerenter,</strong></span> <span class='ocrx_word' id='word_1_347' title='bbox 1439 2789 1476 2831; x_wconf 89' lang='lat' dir='ltr'><strong>si</strong></span> <span class='ocrx_word' id='word_1_348' title='bbox 1498 2805 1597 2831; x_wconf 89' lang='lat' dir='ltr'><strong>cum</strong></span> <span class='ocrx_word' id='word_1_349' title='bbox 1619 2789 1722 2831; x_wconf 88' lang='lat' dir='ltr'><strong>aliis</strong></span> <span class='ocrx_word' id='word_1_350' title='bbox 1743 2788 1972 2831; x_wconf 85' lang='lat' dir='ltr'><strong>commode</strong></span> 
     </span>
     <span class='ocr_line' id='line_1_38' title="bbox 279 2860 1974 2918; baseline -0.002 -15"><span class='ocrx_word' id='word_1_351' title='bbox 279 2861 511 2903; x_wconf 86' lang='lat' dir='ltr'><strong>conciliari</strong></span> <span class='ocrx_word' id='word_1_352' title='bbox 544 2877 635 2903; x_wconf 88' lang='lat' dir='ltr'><strong>non</strong></span> <span class='ocrx_word' id='word_1_353' title='bbox 667 2867 831 2918; x_wconf 88' lang='lat' dir='ltr'><strong>potest,</strong></span> <span class='ocrx_word' id='word_1_354' title='bbox 863 2862 949 2914; x_wconf 84' lang='lat' dir='ltr'><strong>vel,</strong></span> <span class='ocrx_word' id='word_1_355' title='bbox 982 2862 1019 2903; x_wconf 86' lang='lat' dir='ltr'><strong>si</strong></span> <span class='ocrx_word' id='word_1_356' title='bbox 1051 2866 1212 2918; x_wconf 85' lang='lat' dir='ltr'><strong>potest,</strong></span> <span class='ocrx_word' id='word_1_357' title='bbox 1245 2875 1342 2902; x_wconf 91' lang='lat' dir='ltr'><strong>eam</strong></span> <span class='ocrx_word' id='word_1_358' title='bbox 1374 2860 1728 2902; x_wconf 87' lang='lat' dir='ltr'><strong>moderationem</strong></span> <span class='ocrx_word' id='word_1_359' title='bbox 1759 2861 1974 2916; x_wconf 87' lang='lat' dir='ltr'><strong>interpre-</strong></span> 
     </span>
     <span class='ocr_line' id='line_1_39' title="bbox 279 2930 1976 2988; baseline -0.002 -14"><span class='ocrx_word' id='word_1_360' title='bbox 279 2934 590 2988; x_wconf 88' lang='lat' dir='ltr'><strong>tationemque</strong></span> <span class='ocrx_word' id='word_1_361' title='bbox 622 2933 812 2988; x_wconf 88' lang='lat' dir='ltr'><strong>(quoties</strong></span> <span class='ocrx_word' id='word_1_362' title='bbox 845 2948 946 2974; x_wconf 89' lang='lat' dir='ltr'><strong>cum</strong></span> <span class='ocrx_word' id='word_1_363' title='bbox 979 2932 1111 2974; x_wconf 87' lang='lat' dir='ltr'><strong>laude</strong></span> <span class='ocrx_word' id='word_1_364' title='bbox 1144 2947 1195 2973; x_wconf 89' lang='lat' dir='ltr'><strong>ac</strong></span> <span class='ocrx_word' id='word_1_365' title='bbox 1223 2932 1375 2973; x_wconf 73' lang='lat' dir='ltr'><strong>fructu</strong></span> <span class='ocrx_word' id='word_1_366' title='bbox 1406 2931 1503 2973; x_wconf 87' lang='lat' dir='ltr'><strong>fieri</strong></span> <span class='ocrx_word' id='word_1_367' title='bbox 1523 2935 1690 2987; x_wconf 84' lang='lat' dir='ltr'><strong>potest)</strong></span> <span class='ocrx_word' id='word_1_368' title='bbox 1712 2931 1755 2973; x_wconf 89' lang='lat' dir='ltr'><strong>S.</strong></span> <span class='ocrx_word' id='word_1_369' title='bbox 1776 2930 1976 2972; x_wconf 84' lang='lat' dir='ltr'><strong>Thomae</strong></span> 
     </span>
     <span class='ocr_line' id='line_1_40' title="bbox 281 3001 1973 3059; baseline -0.002 -13"><span class='ocrx_word' id='word_1_370' title='bbox 281 3004 508 3057; x_wconf 79' lang='lat' dir='ltr'><strong>adhibere,</strong></span> <span class='ocrx_word' id='word_1_371' title='bbox 541 3009 593 3045; x_wconf 92' lang='lat' dir='ltr'><strong>ut</strong></span> <span class='ocrx_word' id='word_1_372' title='bbox 609 3004 798 3046; x_wconf 87' lang='lat' dir='ltr'><strong>caeteris</strong></span> <span class='ocrx_word' id='word_1_373' title='bbox 814 3018 906 3045; x_wconf 89' lang='lat' dir='ltr'><strong>non</strong></span> <span class='ocrx_word' id='word_1_374' title='bbox 930 3004 1203 3046; x_wconf 86' lang='lat' dir='ltr'><strong>aduersetur.</strong></span> <span class='ocrx_word' id='word_1_375' title='bbox 1226 3007 1466 3059; x_wconf 86' lang='lat' dir='ltr'><strong>postremo,</strong></span> <span class='ocrx_word' id='word_1_376' title='bbox 1488 3003 1607 3058; x_wconf 89' lang='lat' dir='ltr'><strong>quia,</strong></span> <span class='ocrx_word' id='word_1_377' title='bbox 1630 3002 1668 3044; x_wconf 91' lang='lat' dir='ltr'><strong>si</strong></span> <span class='ocrx_word' id='word_1_378' title='bbox 1688 3002 1732 3044; x_wconf 87' lang='lat' dir='ltr'><strong>S.</strong></span> <span class='ocrx_word' id='word_1_379' title='bbox 1754 3001 1973 3043; x_wconf 71' lang='lat' dir='ltr'><strong>&#39;rhomam</strong></span> 
     </span>
     <span class='ocr_line' id='line_1_41' title="bbox 249 3071 1972 3133; baseline -0.002 -16"><span class='ocrx_word' id='word_1_380' title='bbox 249 3075 604 3133; x_wconf 85' lang='lat' dir='ltr'><strong>interpretandi</strong></span> <span class='ocrx_word' id='word_1_381' title='bbox 646 3075 715 3118; x_wconf 89' lang='lat' dir='ltr'><strong>ius</strong></span> <span class='ocrx_word' id='word_1_382' title='bbox 747 3075 934 3119; x_wconf 88' lang='lat' dir='ltr'><strong>cuilibet</strong></span> <span class='ocrx_word' id='word_1_383' title='bbox 971 3074 1168 3117; x_wconf 86' lang='lat' dir='ltr'><strong>liberum</strong></span> <span class='ocrx_word' id='word_1_384' title='bbox 1208 3074 1280 3129; x_wconf 87' lang='lat' dir='ltr'><strong>sit,</strong></span> <span class='ocrx_word' id='word_1_385' title='bbox 1321 3073 1605 3117; x_wconf 82' lang='lat' dir='ltr'><strong>dissidebunt</strong></span> <span class='ocrx_word' id='word_1_386' title='bbox 1644 3073 1698 3115; x_wconf 87' lang='lat' dir='ltr'><strong>de</strong></span> <span class='ocrx_word' id='word_1_387' title='bbox 1737 3075 1886 3115; x_wconf 88' lang='lat' dir='ltr'><strong>mente</strong></span> <span class='ocrx_word' id='word_1_388' title='bbox 1927 3071 1972 3114; x_wconf 85' lang='lat' dir='ltr'><strong>S.</strong></span> 
     </span>
    </p>
   </div>
  </div>
 </body>
</html>
