2153 3467
310 174 396 214 472

495 181 605 216 Ratio
633 180 839 216 studiorum
865 188 902 215 et
927 178 1179 215 institutiones
1207 178 1453 213 scholasticae
1479 178 1673 214 Societatis
1698 179 1721 214 J
1725 190 1789 216 esu
1813 182 1852 216 II

309 300 382 353 tis,
423 300 709 340 Pentecostes
749 301 828 339 aut
867 297 957 340 alio
999 312 1158 354 oppor-
1176 298 1178 348 l
1198 297 1372 347 Quibus
1412 294 1588 337 actibus
1632 300 1797 339 certam
1842 298 2040 355 aliquam

309 375 421 412 tuno
468 375 679 425 tempore.
758 368 932 417 Quibus
983 368 1158 410 actibus
1175 349 1177 419 1
1197 367 1452 422 theologiae
1491 370 1571 408 aut
1610 366 1919 424 philosophiae
1950 386 2042 413 ma-

311 445 481 483 certam
523 440 721 496 aliquam
762 439 1036 495 Theologiae
1078 443 1156 480 aut
1197 438 1359 480 teriam
1384 436 1653 492 quibusdam
1681 439 2042 483 conclusionibus

310 511 630 567 Philosophiae
694 510 931 552 materiam
998 510 1159 565 aliqui·
1197 508 1565 566 comprehensam
1582 508 1803 564 defendet,
1824 510 2042 566 Magistro

310 583 394 625 bus
454 581 819 624 conclusionibus
870 580 1156 637 comprehen-
1196 579 1491 636 praesidente.
1544 579 1599 620 In
1618 577 1875 634 hujusmodi
1891 586 2042 624 autem

311 669 406 696 sam
439 653 695 708 defendent,
730 652 950 708 Magistro
990 651 1156 708 praesi-
1197 650 1374 692 actibus
1414 649 1560 691 forma
1597 650 1865 694 scholastica
1896 653 2044 695 obser-

312 725 456 768 dente.
1197 725 1341 763 vetur.

451 796 497 841 9.
531 796 609 852 (6.)
642 795 704 837 Hi
746 799 872 837 actus
911 798 964 835 ut
1000 807 1103 835 cum
1144 792 1296 848 aliquo
1339 796 1560 848 apparatu
1600 792 1725 847 fiant,
1773 793 2042 849 curandum3

313 867 582 910 adhibeatur
615 871 766 908 autem
800 881 825 907 a
858 863 1125 906 defendente
1157 862 1378 920 praefatio
1411 863 1562 919 aliqua
1593 867 1637 905 et
1669 864 1887 920 epilogus,
1929 881 2044 921 quae

312 939 436 995 prius
458 938 562 991 sint,
596 942 646 979 ut
668 941 854 989 caetera,
888 950 1001 991 quae
1023 934 1203 991 publice
1225 935 1488 988 recitantur,
1522 949 1547 975 a
1574 935 1773 990 generali
1794 935 2044 978 studiorum

312 1009 547 1051 Praefecto
579 1007 814 1063 recognita
846 1011 890 1048 et
924 1006 1188 1063 approbata.
1242 1006 1435 1047 Externi
1466 1005 1602 1047 etiam
1635 1005 1691 1047 ad
1723 1011 2046 1061 argumentan-

312 1080 419 1122 dum
452 1079 618 1135 aliique
650 1082 864 1136 poterunt
896 1077 953 1120 ad
985 1077 1274 1131 audiendum,
1317 1091 1404 1133 quo
1444 1076 1692 1133 disputatio
1726 1077 1942 1120 celebrior
1973 1079 2045 1134 sit,

308 1150 509 1193 invitari.

99 799 226 821 Acunum

100 834 260 858 celebritas.

72 1224 170 1249 lutrod
177 1224 264 1249 uctio.

64 1868 274 1893 conclusi-»nes

40 1904 295 1936 recognoscendae.

451 1221 528 1268 10.
561 1220 664 1264 Uno
688 1220 863 1263 circiter
888 1223 993 1261 ante
1016 1219 1157 1261 studi-

312 1308 439 1336 orum
494 1292 836 1336 renovationem
888 1307 1060 1346 mense,
1120 1293 1157 1333 si

310 1364 496 1407 Rectori
527 1364 750 1418 Videatur,
790 1378 868 1420 per
899 1363 1155 1419 quindecim

310 1436 550 1478 minimum
573 1436 666 1478 dies
686 1436 753 1489 iis,
776 1436 853 1492 qui
870 1435 1156 1493 Philosophi-

310 1523 383 1550 am
412 1507 611 1549 audituri
634 1511 753 1561 sunt,
776 1507 1052 1550 introductio
1084 1509 1156 1550 vel

310 1594 485 1621 summa
502 1580 557 1621 ab
577 1579 728 1635 aliquo
747 1594 800 1621 ex
823 1580 1001 1634 nostris,
1024 1595 1155 1635 quem

310 1652 488 1705 Rector,
521 1651 594 1692 vel
624 1650 740 1692 forte
772 1665 826 1692 ex
859 1651 1154 1706 Academicis,

309 1737 443 1779 quem
493 1722 754 1764 Praefectus
804 1722 1036 1776 statuerit,
1083 1738 1156 1764 ex-

309 1793 515 1851 plicetur.

454 1864 522 1910 11.
558 1866 877 1908 Conclusiones
892 1881 1047 1908 omnes
1061 1871 1157 1908 tam

310 1936 631 1978 solemniorum
650 1942 845 1991 actuum,
870 1953 1004 1993 quam
1022 1938 1157 1980 etiam

311 2007 699 2062 hebdomadariae,
729 2009 990 2065 priusquam
1010 2009 1159 2051 defen-

311 2079 480 2121 dantur
512 2084 590 2121 aut
612 2079 872 2136 affigantur,
903 2085 1035 2122 erunt
1058 2085 1102 2122 et
1134 2097 1159 2122 a

1339 1218 1377 1264 7.
1413 1223 1575 1268 [Lingua
1591 1225 1815 1270 vernacula]
1853 1219 1918 1262 Ut
1931 1235 2045 1275 quae

1195 1289 1243 1330 in
1264 1289 1428 1331 scholis
1450 1288 1765 1331 addidicerunt
1780 1290 1828 1331 in
1847 1305 2044 1333 commu-—

1195 1375 1299 1402 nem
1314 1375 1446 1402 usum
1464 1360 1612 1417 patrio
1632 1375 1834 1403 sermone
1846 1363 2045 1419 proferre

1194 1435 1465 1485 assuescant,
1497 1431 1609 1472 utile
1640 1431 1725 1473 erit
1756 1432 1837 1475 has
1872 1435 2041 1475 exerci-

1194 1502 1389 1544 tationes
1427 1502 1655 1545 interdum
1694 1504 1830 1546 etiam
1861 1505 2044 1560 linguae

1194 1573 1464 1615 vernaculae
1511 1572 1628 1627 fieri,
1681 1573 1729 1616 in
1776 1575 2044 1632 theologicis

1194 1648 1346 1686 tamen
1386 1659 1489 1686 cum
1531 1644 1706 1687 delectu
1750 1647 2043 1690 materiarum

1194 1719 1238 1756 et
1270 1715 1474 1757 consulto
1507 1715 1756 1772 Superiore.

1329 1858 1373 1903 8.
1397 1857 1758 1900 Exercitationes
1769 1874 1935 1914 omnes,
1947 1864 2042 1902 tam

1195 1929 1413 1971 solemnes
1442 1944 1575 1985 quam
1606 1929 1870 1985 ordinariae,
1902 1930 2044 1987 prius-

1196 2015 1329 2055 quam
1381 2000 1639 2042 indicentur
1686 2005 1732 2042 et
1783 2001 2041 2057 affigantur,

1196 2076 1327 2113 erunt
1350 2087 1375 2113 a
1407 2072 1642 2114 Praefecto
1666 2072 1919 2114 academiae
1952 2077 1997 2114 et
2018 2087 2045 2114 a

312 2150 545 2193 Praefoesso
568 2151 838 2192 Academia&
861 2155 905 2192 3³0
932 2166 957 2192 a
977 2151 1158 2208 proprio
1197 2142 1379 2199 proprio
1404 2143 1623 2199 Magistro
1644 2143 2042 2199 recognoscendae,

311 2221 529 2264 defenden
537 2222 594 2264 tis
604 2222 823 2278 Magistro
840 2238 1159 2280 recognoscen-

311 2292 405 2334 dae.

772 2498 986 2561 Regulae
1019 2499 1258 2549 Praefecti
1296 2500 1591 2549 Academiae

702 2581 740 2628 T
750 2582 1071 2644 heologorum
1126 2588 1173 2631 ct
1224 2583 1650 2647 Philosophorum.

607 2686 674 2719 Die
701 2686 898 2729 folgenden
927 2686 1071 2729 Regem
1099 2688 1220 2722 fehlen
1247 2687 1282 2721 in
1308 2687 1371 2721 der
1397 2687 1439 2723 R.
1467 2689 1517 2723 St.
1546 2699 1615 2722 von
1643 2688 1743 2722 1832.

48 2767 295 2791 Exerritatimmu

458 2766 497 2812 1.
531 2768 716 2809 Praeter
748 2769 1018 2823 c‹:›mmunia,
1051 2784 1164 2825 quae
1198 2770 1251 2811 de
1282 2769 1516 2812 Praefecto
1548 2770 1596 2812 in
1627 2771 1889 2812 universum
1922 2769 2043 2811 dicta

310 2844 416 2881 sunt
449 2838 496 2879 in
519 2839 688 2893 regulis
709 2839 994 2894 Academiae,
1027 2841 1141 2882 illud
1174 2841 1311 2882 etiam
1336 2841 1582 2895 advertatl,
1614 2845 1666 2883 ut
1696 2841 1744 2882 in
1767 2840 2042 2896 quotidianis

311 2910 656 2966 repetitionibus
689 2910 842 2951 eadem
876 2911 1106 2968 repetendi
1129 2916 1172 2952 et
1199 2912 1561 2966 argumentandi,
1595 2911 1748 2953 eadem
1781 2910 2042 2968 disputandi

313 2981 459 3023 forma
491 2981 737 3036 modusque
782 2987 993 3035 servetur,
1037 2997 1168 3036 quem
1207 2983 1348 3024 nostri
1387 2983 1434 3024 in
1467 2982 1722 3025 domesticis
1760 2982 2041 3039 repetitioni-

457 3099 468 3118 ¹
493 3110 545 3143 pr.
576 3099 800 3141 „animadvf‘
