2153 3467
183 939 233 964 fol.
254 939 314 964 2322.

337 170 424 213 512
533 178 646 216 Ratio
676 181 879 217 studiorum
905 186 944 216 et
968 181 1220 219 institut-iones
1246 183 1486 220 scholasticae
1512 184 1706 222 societatis
1731 187 1821 224 Jesu
1845 189 1884 224 II

339 299 559 355 Sumptus
590 298 781 355 denique
812 303 864 341 ut
902 299 1020 342 ratio
1058 300 1296 356 habeatur,
1337 301 1559 358 aduigilet
1593 303 1875 359 Praefectus,
1913 311 1958 348 et
1989 308 2072 350 Su-

336 370 567 426 periorem,
599 370 679 412 vbi
711 385 823 427 opus
854 370 1004 426 fuerit,
1036 377 1229 414 moneat.

479 440 639 491 Quoad
671 442 999 497 promotionem
1032 443 1358 499 discipulorum
1396 444 1454 486 ad
1486 444 1667 487 altiores
1699 445 1859 487 classes
1892 446 2070 489 videtur

336 512 559 554 seruanda
590 512 780 568 antiqua
812 514 1102 569 consuetudo,
1135 519 1187 556 vt
1219 519 1324 556 ante
1348 514 1572 557 actionem
1605 515 1989 573 [Schulkomodie]
2024 521 2069 559 et

334 583 702 626 distributionem
725 584 1034 627 Praemiorum
1066 600 1158 627 non
1180 586 1531 642 promulgentur
1552 586 1791 628 ascensuri.
1844 587 2069 629 Praefecti

336 659 489 697 autem
523 655 607 697 erit
638 670 804 710 curare,
838 661 889 698 vt
920 657 1030 698 noui
1063 656 1170 697 libri
1202 656 1381 699 emendi
1411 657 1459 698 in
1491 662 1705 714 promptu
1736 658 1839 699 sint.

474 726 736 782 Illegitimis
785 741 867 768 nec
924 727 1136 784 praemia}
1174 727 1351 784 publice
1398 728 1548 770 danda
1590 727 1815 782 videntur,
1863 743 1946 770 nec
1993 729 2069 771 ad—

334 797 546 840 mittendi
578 798 635 841 ad
668 798 779 840 alios
810 798 1001 840 honores
1031 798 1080 839 in
1111 798 1287 841 scholis.

474 868 765 911 Abeuntibus
796 884 851 911 ex
877 869 1050 912 duabus
1073 869 1236 911 scholis
1256 869 1545 912 inferioribus
1567 884 1659 912 non
1681 870 1895 913 videntur
1918 871 2067 913 danda

335 940 610 994 testimonia,
641 940 761 995 {nisi
801 944 1062 997 parentum,
1102 940 1413 983 Mecaenatum
1456 941 1548 997 [sic]
1588 946 1876 998 tutorumque
1907 943 2066 984 volun-

332 1015 417 1064 tas,
450 1015 529 1052 aut
560 1010 720 1052 similis
754 1026 888 1053 causa
919 1011 1088 1067 vigeat.
1152 1012 1214 1053 Et
1246 1012 1427 1068 quidem
1459 1012 1712 1067 generatim
1743 1028 1826 1054 nec
1857 1013 1906 1054 in
1938 1028 2066 1070 supe-

331 1081 524 1123 rioribus
555 1081 693 1123 etiam
725 1081 890 1124 scholis
920 1082 1005 1124 vlli
1035 1082 1346 1125 testimonium
1378 1083 1579 1126 dandum
1611 1088 1830 1139 censetur,
1865 1084 1943 1140 qui
1972 1099 2064 1127 non

333 1152 572 1194 minimum
604 1168 680 1195 sex
712 1168 887 1195 menses
919 1158 1096 1196 nostras
1128 1154 1305 1196 scholas
1336 1154 1649 1210 frequentarit.

472 1223 589 1274 Quia
641 1224 694 1266 de
738 1239 923 1267 numero
970 1224 1266 1282 scriptionum
1311 1230 1356 1267 et
1393 1226 1709 1283 Praeceptores
1755 1231 1799 1268 et
1838 1226 2063 1284 Discipuli

330 1295 477 1350 questi
509 1300 628 1351 sunt,
661 1296 714 1338 de
746 1297 801 1338 iis
833 1297 1014 1351 saltem,
1057 1311 1169 1352 quae
1208 1296 1341 1340 domo
1381 1297 1634 1339 afferendae
1673 1302 1799 1352 sunt,
1843 1297 1976 1349 (nihil
2010 1298 2063 1340 de

330 1367 607 1423 quotidianis
638 1368 1039 1410 exercitationibus
1071 1369 1120 1410 in
1152 1368 1318 1411 scholis
1351 1369 1586 1422 demendo)
1616 1369 1666 1410 in
1691 1368 1951 1423 Rhetorica,
1982 1369 2062 1412 vbi

329 1438 490 1480 maiori
523 1454 625 1481 cum
658 1439 808 1481 studio
841 1444 887 1481 et
918 1439 1087 1482 iudicio
1120 1440 1344 1482 orationes
1364 1440 1625 1483 scribendae
1646 1445 1765 1495 sunt,
1790 1445 2062 1483 censuerunt

328 1510 499 1565 Patres,
534 1511 874 1566 quatuordecim
907 1511 1080 1554 dierum
1114 1512 1310 1568 spatium
1342 1526 1422 1569 pro
1454 1527 1545 1554 vna
1577 1512 1780 1554 oratione
1817 1511 2061 1554 conceden-

327 1580 450 1635 dum,
483 1586 535 1624 vt
567 1582 690 1637 olim,
722 1582 914 1638 singulis
947 1587 1098 1625 autem
1131 1583 1490 1626 hebdomadibus
1514 1585 1733 1626 Graecam
1767 1583 2058 1640 scriptionem

326 1653 615 1708 afferendam,
649 1659 694 1696 et
724 1654 860 1696 tertia
891 1654 1172 1697 hebdomade
1207 1670 1400 1697 carmen.
1447 1655 1516 1697 Ne
1547 1669 1654 1697 vero
1686 1654 1897 1711 discipuli
1927 1658 2057 1696 tanto

325 1724 470 1780 spatio
505 1728 559 1769 14
591 1725 765 1768 dierum
797 1726 1066 1778 abutantur,
1107 1727 1285 1768 curabit
1321 1727 1593 1782 Praeceptor
1629 1726 1685 1768 ad
1724 1725 1964 1768 arbitrium
2007 1726 2057 1767 in

325 1795 603 1839 hebdomade
636 1797 723 1840 sibi
755 1797 812 1839 ab
845 1798 897 1855 ijs
928 1813 1117 1855 pensum
1149 1798 1335 1855 aliquod
1366 1797 1458 1854 legi
1489 1798 1561 1840 Vel
1585 1797 1775 1852 ostendi,
1809 1811 1919 1853 quos
1941 1796 2058 1838 forte

326 1872 555 1924 suspectos
587 1869 786 1911 habebit.
849 1870 904 1911 In
935 1870 1236 1912 Humanitate
1273 1874 1426 1911 ternae
1465 1869 1624 1925 quauis
1655 1868 1934 1910 hebdomade
1966 1867 2058 1909 suf-

324 1939 456 1981 ficere
501 1940 736 1995 videntur,
776 1956 869 1984 vna
905 1941 1074 1995 soluta,
1122 1956 1213 1983 vna
1260 1941 1424 1996 ligata,
1462 1955 1555 1983 vna
1594 1941 1781 1983 Graeca.
1844 1939 2056 1981 Priuatae

324 2017 477 2053 autem
514 2011 805 2068 quotidianae
846 2012 1191 2054 exercitationes
1227 2016 1280 2054 vt
1316 2012 1365 2053 in
1396 2011 1526 2054 Poesi
1580 2025 1631 2053 00
1678 2011 1920 2053 crebriores
1952 2010 2055 2064 sint,

322 2082 457 2125 huius
488 2083 666 2125 scholae
698 2084 815 2125 ratio
847 2084 1024 2139 exigere
1056 2084 1260 2138 videtur,
1303 2083 1422 2139 quod
1461 2083 1580 2125 idem
1623 2083 1677 2124 de
1708 2081 1954 2124 Rhetorica
1985 2081 2054 2122 in-

322 2155 621 2211 telligendum
654 2159 731 2196 est.
783 2156 838 2197 In
869 2155 969 2211 alijs
999 2155 1145 2197 tribus
1176 2154 1466 2197 inferioribus
1489 2155 1652 2196 scholis
1684 2153 1873 2195 alternis
1900 2152 2057 2195 diebus

322 2227 454 2268 domo
488 2227 646 2269 afferre
680 2227 884 2281 sufficiet,
917 2241 1018 2268 cum
1050 2226 1187 2268 etiam
1220 2225 1423 2282 quotidie
1453 2225 1502 2267 in
1531 2224 1693 2267 scholis
1725 2239 1770 2265 se
1802 2227 2054 2265 exerceant.

321 2299 380 2339 Et
413 2298 499 2357 [de]
532 2298 616 2341 hoc
648 2302 817 2356 puncto
850 2298 1076 2340 duntaxat
1107 2298 1163 2340 R.
1197 2298 1248 2339 P.
1281 2298 1337 2340 N.
1370 2295 1686 2338 informandus
1717 2295 1909 2337 videtur.

463 2371 526 2413 Vt
557 2370 717 2412 melius
746 2370 856 2412 haec
878 2370 995 2411 ratio
1015 2383 1135 2411 noua
1155 2369 1410 2410 studiorum
1440 2367 1667 2410 obseruari
1685 2366 1841 2424 possit,
1873 2365 2054 2408 videtur

320 2442 503 2483 omnino
520 2442 833 2496 necessarium,
849 2445 913 2496 ut,
934 2441 1193 2496 vbicunque
1212 2455 1425 2483 numerus
1447 2439 1785 2496 discipulorum,
1817 2438 1865 2480 in
1896 2437 2054 2479 infima

320 2514 529 2567 maxime,
563 2513 887 2568 octogesimum
918 2527 1155 2554 numerum
1188 2512 1376 2566 excedit,
1409 2511 1563 2553 schola
1594 2511 1837 2553 diuidatur.

461 2585 502 2625 A
521 2585 551 2626 J
554 2585 662 2628 unio
680 2599 822 2640 vsque
839 2584 894 2625 ad
915 2584 1155 2625 Octobrem
1173 2583 1354 2626 videtur
1385 2582 1433 2624 in
1456 2582 1526 2623 his
1558 2582 1721 2624 scholis
1753 2581 1928 2635 integer
1959 2579 2053 2621 dies

318 2655 606 2696 recreationis
636 2655 972 2711 relinquendus,
1004 2654 1134 2696 iuxta
1166 2655 1279 2710 Reg.
1313 2654 1522 2697 Prouinc.
1555 2655 1624 2696 37.
1660 2654 1698 2707 ξ.
1734 2655 1800 2696 11.
