2143 3462
367 189 452 231 202
538 199 652 234 Ratio
676 199 881 236 studiorum
907 206 946 236 et
969 201 1227 238 institutiones
1251 203 1491 239 scholasticae
1518 203 1714 240 Societatis
1739 206 1830 241 Jesu
1854 205 1892 240 II

507 316 901 383 prandeatur:

1004 432 1069 472 18.
1103 444 1129 471 a
1160 444 1310 472 mense
1342 429 1457 471 Nov.

1004 503 1069 543 17.
1100 499 1257 542 Idibus
1278 500 1430 544 Febr.:
1464 500 1543 542 sed
1562 515 1641 557 per
1660 500 2060 556 Quadragesimam

1103 570 1214 613 hora
1248 574 1314 615 18.
1346 571 1598 613 Dominicis
1637 571 1846 628 exceptis.

690 684 697 691 ,
1003 643 1070 684 17.
1103 641 1261 684 Idibus
1292 641 1447 698 Martij
1480 641 1529 683 in
1561 641 1787 697 Quadrag.

513 684 560 724 [Π
595 684 730 727 stalla
764 685 872 727 hwa
1004 712 1070 756 15.
1178 747 1197 768 „
1292 712 1463 769 Aprilis
1494 717 1596 770 post
1626 712 1814 756 Pascha.

1004 785 1070 826 14.
1179 818 1199 840 „
1293 783 1417 841 Maij.

1002 855 1069 897 15.
1177 889 1196 910 „
1291 856 1502 911 Augusti.

963 950 971 968 1
1000 923 1172 968 Diebus
1192 925 1350 968 ieiunii
1369 926 1480 969 hora
1500 925 1677 968 circiter
1692 930 1797 968 ante
1808 925 2057 969 meridiem.

1103 1008 1152 1050 in
1199 1009 1379 1066 hyeme,
1427 1010 1563 1053 etiam
1603 1010 1650 1052 in
1690 1009 2057 1066 Quadragesima.

1103 1080 1157 1122 In
1210 1081 1385 1138 vigiliis
1441 1087 1484 1123 et
1538 1086 1732 1138 quatuor
1780 1080 2059 1138 temporibus

1106 1151 1295 1194 dimidia
1327 1159 1433 1195 ante
1465 1152 1709 1195 meridiem.

1061 1255 1068 1263 .
1102 1222 1150 1264 in
1175 1227 1358 1278 aestate,
1392 1223 1548 1266 diebus
1567 1224 1839 1266 ieiuniorum
1859 1223 1969 1266 hora
1990 1226 2057 1267 11..

513 1053 559 1093 ln
587 1052 820 1108 Hispania,
839 1053 928 1094 Lu·
958 1009 973 1133 ς
1004 1010 1070 1051 11·

562 1123 745 1177 simnia,
767 1123 919 1166 Gallia

563 1194 673 1236 hora
955 1135 972 1276 ἶ
1001 1223 1056 1265 10

239 1319 338 1347 ν-πυῑι.
1001 1306 1067 1348 10.
1103 1320 1203 1348 011111
1236 1306 1426 1348 dimidia
1455 1307 1504 1349 in
1532 1307 1704 1364 hyeme.
1754 1307 1924 1349 Diebus
1950 1320 2057 1348 vero

503 1384 556 1425 In
570 1384 926 1439 Ge1=mania71>0-
1100 1377 1371 1420 ieiuniorum
1388 1382 1432 1420 et
1446 1377 1494 1419 in
1503 1378 1859 1436 Quadragesima
1869 1377 1980 1419 hora
1990 1380 2056 1420 11.

572 1456 696 1497 Ionia
728 1456 837 1499 hora
1001 1450 1066 1492 10.
1101 1449 1148 1490 in
1182 1454 1360 1491 aestate.
1427 1449 1596 1491 Diebus
1637 1463 1742 1492 vero
1786 1448 2057 1491 ieiuniorum

1099 1525 1144 1562 et
1175 1520 1222 1562 in
1256 1519 1611 1576 Quadragesima
1641 1520 1753 1562 hora
1786 1523 1854 1564 11.

499 1657 952 1724 Pomeridianae
997 1660 1318 1726 lectiones:

995 1771 1063 1812 21.
1098 1784 1123 1810 a
1154 1785 1307 1812 mense
1339 1771 1455 1813 Nov.

994 1840 1121 1893 2015.
1154 1840 1309 1884 Idibus
1340 1841 1505 1897 Martij.

499 1883 553 1925 In
577 1883 713 1926 Italia
725 1886 754 1917 ¹¹)
779 1885 889 1928 hora
995 1913 1049 1955 19
1061 1911 1123 1964 ²1⁸2·
1220 1948 1239 1969 ‚a
1337 1912 1463 1969 Maij·

993 1985 1061 2026 ⁶20.
1260 2019 1278 2040 „
1375 1983 1589 2039 Augusti.

480 2062 534 2103 In
545 2061 783 2118 Hispania,
793 2063 920 2105 Lusi-

510 2137 528 2173 b
597 2132 603 2139 .
709 2134 729 2152 Ἰ
809 2134 816 2143 .
869 2136 881 2151 .-
994 2100 1037 2141 11.
1071 2101 1265 2144 secunda
1296 2116 1436 2158 Vsque
1462 2102 1519 2144 ad
1545 2106 1748 2157 quartam
1777 2106 1820 2142 et
1844 2099 2051 2142 mediam.

532 2147 657 2187 ania,
695 2134 887 2176 ‹Jalhaw
952 2132 961 2198 1

474 2215 921 2260 Ι11(10111101110.ῑ)Ρο-
994 2219 1103 2262 11010
1144 2221 1290 2277 prima
1330 2235 1470 2276 vsque
1519 2219 1575 2262 ad
1613 2220 1907 2276 quadrantem
1950 2221 2054 2260 ante

612 2287 746 2329 lenia.
1051 2295 1272 2346 quartam.

497 2453 532 2496 d)
563 2455 651 2488 (Jlllll
685 2455 818 2498 ubique
856 2457 1041 2500 hyemales
1077 2459 1220 2493 scholae
1256 2458 1433 2493 finiantur
1467 2458 1648 2493 semihora
1673 2458 1821 2493 circiter
1853 2461 1937 2492 ante
1964 2455 2052 2491 solis

359 2521 533 2546 occasum.
572 2513 718 2549 obstare
755 2515 842 2549 nihil
882 2516 1035 2557 videtur,
1070 2527 1132 2552 0111
1163 2517 1274 2553 etiam
1314 2518 1349 2552 in
1383 2518 1493 2553 Italia
1527 2517 1564 2552 id
1597 2517 1736 2552 seruari
1772 2527 1844 2552 non
1870 2515 2052 2560 possitae

357 2569 498 2607 debeat.
550 2572 765 2616 Experimur
813 2575 905 2610 enim
946 2576 1053 2611 valde
1101 2578 1324 2612 commodum
1365 2587 1443 2612 esse
1479 2577 1670 2621 Magistris
1705 2578 1749 2612 ad
1783 2574 2053 2621 pomeridianas

356 2629 500 2665 scholas
534 2632 671 2673 redire,
707 2639 843 2676 quanto
879 2635 956 2669 fieri
993 2641 1116 2679 potest
1149 2636 1296 2680 longius
1330 2647 1351 2670 a
1377 2637 1539 2680 prandio.
1590 2638 1714 2681 Neque
1748 2636 1888 2671 coelum
1919 2634 2051 2669 Italiae

357 2689 447 2722 adeo
499 2690 683 2725 insalubre
725 2699 802 2735 est,
841 2699 884 2728 ut
916 2696 1039 2738 pueris
1066 2696 1254 2739 aliquanto
1282 2695 1399 2730 serius
1435 2706 1453 2730 e
1488 2697 1611 2731 schola
1639 2696 1855 2731 exeuntibus
1883 2693 2051 2729 nocturni

237 2753 338 2783 0116-
363 2749 535 2791 temporis
563 2751 818 2795 propinquitas
845 2754 1039 2788 metuenda
1066 2755 1126 2791 sit.
1178 2755 1279 2797 Quod
1314 2765 1397 2789 vero
1424 2755 1585 2799 pertinet
1610 2756 1655 2790 ad
1682 2765 1802 2790 eorum
1830 2765 1957 2794 mores,
1981 2755 1985 2797 Ι
2009 2764 2050 2788 00

356 2807 484 2843 melius
511 2819 589 2843 011111
619 2810 694 2845 illis
721 2811 859 2856 agitur,
895 2823 964 2856 quo
993 2814 1111 2848 minus
1140 2814 1311 2858 temporis
1338 2819 1421 2858 post
1447 2815 1594 2850 scholas
1621 2819 1790 2859 superest
1814 2813 1860 2849 ad
1887 2823 2048 2857 euagan-

356 2865 450 2900 dum.
501 2867 591 2902 Nam
621 2875 660 2903 vt
686 2871 832 2906 domum
859 2873 1040 2906 commode
1067 2873 1236 2913 redeant,
1265 2873 1446 2908 semihora
1473 2875 1564 2909 satis
1592 2879 1658 2911 est.

496 2930 529 2971 e)
557 2927 635 2962 Non
663 2929 756 2963 enirn
786 2930 892 2965 decet
916 2936 1025 2966 noctu
1051 2932 1192 2974 docere,
1220 2938 1260 2967 vt
1285 2932 1472 2977 hucusque
1498 2933 1596 2969 Galli
1623 2935 1801 2970 fecerunt.

496 2985 525 3030 f)
551 2986 591 3020 Id
619 2993 797 3031 seruetur,
826 2989 855 3023 si
884 2990 963 3024 tolli
990 3001 1059 3025 non
1085 2995 1209 3034 potest
1234 2991 1425 3027 Germanis
1452 2993 1630 3028 ientaculi
1658 2993 1840 3038 quadrans
1866 2990 2048 3036 interponi

354 3044 495 3080 solitus.
547 3046 634 3081 Post
668 3046 771 3082 finem
807 3049 1010 3083 scholarum
1045 3049 1195 3083 dimidia
1232 3050 1320 3085 hora
1354 3057 1587 3087 consumatur
1619 3053 1656 3087 in
1683 3052 1844 3087 exeundo
1871 3062 1890 3086 e
1917 3050 2049 3086 scholis

355 3111 393 3140 et
418 3105 565 3140 domum
593 3105 787 3147 redeundo,
814 3112 852 3142 et
877 3107 916 3142 in
941 3107 1137 3144 domestico
1164 3108 1300 3151 labore,
1326 3116 1409 3153 post
1434 3121 1539 3155 quem
1565 3111 1736 3157 repetitio
1763 3114 1948 3155 sequatur.
