2148 3402
223 174 265 210 R.
294 178 338 210 st.
367 175 466 210 1586.
517 173 758 217 Quaestiones
783 177 848 209 aut
874 173 1098 208 omittendae
1124 178 1189 208 aut
1216 185 1284 208 uno
1311 175 1388 208 loco
1416 176 1641 209 tractandae.
1717 168 1772 207 97

551 295 622 343 De
663 293 988 342 Sam-amentis
1028 293 1078 340 in
1118 308 1310 355 genere.

226 375 455 430 Quaestio,
490 391 546 417 an
570 376 910 417 Sacramentum
942 373 1001 414 sit
1034 373 1083 414 in
1105 373 1254 428 aliquo
1278 373 1651 429 ])1·ειο1]10111110111,<ι,
1684 390 1774 417 non
1798 396 1830 424 ῳ.
1853 396 1894 415 ιω.

83 448 265 491 videtur
296 446 538 489 admodum
570 446 708 502 digna
740 445 980 499 Theologo.

224 518 390 561 Vtrum
438 531 622 574 semper,
670 516 806 557 etiam
850 515 897 556 in
944 515 1042 570 lege
1087 520 1289 569 naturae,
1344 514 1482 556 fuerit
1529 517 1773 557 necessaria
1797 539 1830 566 o.
1853 536 1895 558 ιιι.

84 589 230 643 Fides,
262 603 354 630 non
386 588 473 630 huc
505 587 715 643 pertinet,
748 586 823 627 sed
856 586 912 627 ad
944 589 984 630 2.
1020 589 1058 630 2.

226 660 389 702 Vtrum
420 658 541 699 Deus
583 656 724 713 possit
762 656 830 699 vti
872 661 1077 698 creatura
1116 661 1334 711 tanquam
1372 656 1672 698 instrumento
1721 657 1775 698 ad
1798 678 1831 706 o.
1855 678 1897 699 ω.

84 730 340 785 creandum,
373 729 552 772 videtur
582 728 733 785 potius
766 743 857 770 esse
893 732 928 772 1.
964 728 1113 770 Partis
1152 727 1202 768 in
1234 728 1422 770 materia
1454 728 1507 769 de
1538 729 1774 770 creatione.

741 849 813 898 De
853 849 1116 913 Baptismo.

226 931 508 974 Omittantur
539 931 821 987 quaestiones
853 929 1073 986 quaedam
1091 928 1388 983 absurdiores,
1423 929 1569 984 qualis
1593 934 1659 971 est
1680 930 1777 984 illa,

84 1006 236 1045 vtrum
268 1002 419 1044 asinus
450 1001 592 1058 possit
627 1001 776 1044 bibere
808 1001 1100 1058 baptismum.

224 1073 292 1115 De
325 1072 689 1115 solemnitatibus
721 1075 765 1113 et
797 1071 1085 1113 caeremoniis
1117 1071 1342 1127 Baptismi
1379 1071 1583 1114 breuiter.

222 1143 351 1186 Nihil
383 1143 563 1186 dicatur
595 1143 648 1185 de
680 1142 949 1198 cognatione
982 1142 1209 1199 spirituali
1240 1142 1288 1184 in
1320 1142 1545 1199 baptismo
1566 1143 1773 1186 contrahi
1796 1162 1898 1193 p.1‘20.

82 1215 227 1269 solita,
261 1214 336 1256 sed
368 1214 425 1256 ad
456 1214 797 1256 matrimonium
828 1213 1178 1255 transmittatur.

222 1285 290 1327 De
321 1299 465 1342 poena
489 1285 781 1342 paruulorum
817 1285 912 1326 sine
939 1284 1164 1342 baptismo
1201 1285 1513 1327 decedentium
1539 1299 1630 1327 non
1659 1290 1775 1328 trac-

83 1360 203 1399 tetur
237 1356 323 1412 hic,
357 1356 432 1398 sed
464 1356 513 1398 in
543 1356 733 1398 materia
765 1355 818 1397 de
849 1360 1032 1412 peccato
1066 1356 1278 1412 originali
1309 1356 1358 1398 in
1392 1360 1429 1401 1.
1462 1360 1501 1401 2.

225 1428 517 1470 Sacramenta
560 1426 938 1481 Confirmationis,
992 1426 1188 1482 Ordinis,
1244 1428 1485 1470 Extremae
1532 1428 1774 1471 Unctionis

81 1503 332 1541 tractentur
363 1503 497 1555 prout
527 1497 758 1541 vacauerit
790 1497 933 1554 plene,
965 1497 1038 1540 vel
1060 1498 1269 1553 breuiter,
1303 1503 1382 1540 aut
1413 1498 1549 1541 etiam
1579 1504 1775 1555 praeter-

81 1574 253 1625 eantur,
301 1585 403 1612 cum
440 1573 484 1612 et
529 1569 752 1611 facilioria
790 1568 903 1624 sint,
945 1573 989 1611 et
1026 1569 1248 1612 habeatur
1287 1570 1336 1612 in
1373 1574 1606 1627 promptu,
1654 1570 1774 1614 vnde

82 1641 177 1698 peti
207 1640 397 1697 possint.

714 1701 786 1749 De
823 1700 1144 1750 Eucharistia.

224 1782 298 1825 An
335 1782 565 1839 quantitas
603 1782 915 1838 distinguatur
946 1797 972 1824 a
1003 1782 1279 1837 substantia,
1312 1782 1602 1841 Philosophis
1640 1784 1774 1825 relin-

82 1858 260 1910 quatur,
298 1853 414 1897 sicut
452 1857 495 1896 et
531 1853 668 1908 illud,
706 1853 760 1895 de
786 1867 875 1909 quo
908 1854 1069 1897 Scotus
1099 1853 1175 1896 hic
1206 1854 1430 1911 disputat,
1475 1870 1533 1897 an
1566 1856 1771 1898 accidens

80 1924 222 1982 possit
251 1924 493 1982 producere
523 1923 836 1967 substantiam.

223 1995 292 2038 De
351 1996 511 2052 figuris
557 1995 872 2038 Eucharistiae
920 1995 1253 2052 multiplicibus
1303 2010 1545 2053 earumque
1594 2012 1774 2055 compa-

80 2066 334 2109 rationibus
365 2067 438 2110 vel
468 2066 598 2122 nihil,
631 2067 704 2110 vel
734 2067 945 2109 breuiter.

711 2187 784 2235 De
822 2186 1144 2239 Poenitentia.

220 2269 296 2310 An
321 2272 545 2325 repugnet
574 2267 668 2310 sine
686 2268 781 2311 vlla
807 2268 1034 2311 infusione
1055 2269 1329 2325 qualitatum
1349 2271 1772 2327 supernaturalium,

79 2338 153 2381 vel
204 2339 300 2381 sine
349 2339 443 2383 vllo
487 2339 760 2397 poenitentis
808 2342 912 2381 actu
964 2339 1201 2381 iustificari
1261 2345 1561 2398 peccatorem,
1620 2346 1664 2383 et
1714 2358 1773 2385 an

79 2409 320 2468 poenitere,
353 2410 469 2452 sicut
500 2414 689 2468 oportet,
727 2410 932 2466 indigeat
963 2410 1051 2452 Dei
1089 2411 1259 2453 auxilio
1291 2412 1506 2468 gratuito,
1545 2413 1773 2469 pertinent

81 2480 139 2523 ad
173 2483 210 2524 1.
244 2484 283 2525 2.
316 2480 371 2524 de
401 2481 734 2524 iustificatione.
796 2481 899 2524 Illic
929 2481 1068 2523 etiam
1099 2482 1325 2538 agendum
1356 2488 1440 2538 est,
1474 2498 1567 2526 non
1597 2483 1685 2540 hic,
1718 2484 1772 2526 de

81 2550 238 2593 ordine
267 2551 387 2593 inter
418 2551 756 2609 dispositionem
787 2556 832 2594 et
862 2551 1135 2595 infusionem
1156 2553 1345 2609 gratiae.

221 2621 297 2664 An
333 2622 383 2664 in
417 2627 650 2680 peccatore
693 2627 795 2680 post
832 2627 1065 2681 peccatum
1103 2628 1384 2667 transactum
1431 2625 1604 2681 aliquid
1646 2625 1772 2667 aliud

80 2696 310 2734 remaneat
345 2696 520 2750 praeter
559 2693 885 2750 obligationem
917 2694 976 2737 ad
1005 2708 1218 2752 poenam,
1259 2700 1540 2753 supponatur
1571 2711 1624 2738 ex
1658 2700 1696 2740 1.
1730 2699 1768 2740 2.

81 2762 131 2804 in
160 2763 349 2805 materia
379 2763 433 2806 de
462 2768 657 2821 peccato.

221 2833 298 2876 An
337 2834 479 2891 aliqui
516 2835 822 2878 destituantur
860 2836 1031 2879 auxilio
1063 2837 1312 2879 necessario
1345 2837 1402 2880 ad
1433 2837 1769 2894 poenitendum,
1791 2863 1819 2886 p.
1833 2854 1893 2879 121.

82 2904 278 2960 pertinet
309 2905 366 2947 ad
396 2905 631 2947 materiam
665 2907 719 2948 de
750 2907 1169 2963 praedestinatione.

222 2976 388 3018 Vtrum
439 2990 583 3032 poena
635 2976 790 3019 damni
845 2977 903 3019 sit
959 2978 1112 3020 eadem
1163 2979 1212 3020 in
1265 2979 1475 3021 omnibus
1529 2979 1768 3032 damnatis,

82 3046 275 3101 pertinet
305 3047 456 3103 potius
488 3047 544 3089 ad
574 3047 810 3090 materiam
843 3048 897 3090 de
928 3048 1124 3105 peccatis
1156 3053 1201 3091 et
1235 3064 1389 3092 eorum
1421 3049 1664 3091 effectibus.

192 3139 376 3166 Monumenta
393 3141 563 3168 Germaniae
582 3141 779 3174 Paedngogica
800 3143 824 3167 V
1466 3133 1486 3167 7
