2143 3462
212 770 239 793 p.
254 762 314 788 135.

224 2479 238 2492 ι.
273 2470 302 2491 ΡΝ

340 189 423 232 106
516 200 627 236 Ratio
655 202 857 237 studiorum
883 207 922 238 et
946 203 1196 239 institutiones
1221 204 1462 240 scholasticae
1488 205 1682 242 Societatis
1707 207 1797 243 Jesu
1821 208 1860 244 ΙΙ

334 318 668 360 concertatione
699 319 869 374 eliciat,
912 320 1196 377 declaretque
1239 321 1296 364 ad
1328 321 1611 365 audientium
1642 323 1889 367 vtilitatem
1920 324 2026 367 doc-

334 388 514 443 trinam,
550 404 663 445 quae
695 391 890 433 tenenda
922 392 1021 433 sit.“
1063 391 1247 434 Accidit
1279 392 1399 434 enim
1430 406 1522 434 non
1553 408 1654 436 raro
1676 394 1795 437 Vltro
1824 395 2027 451 citroque

335 459 401 500 ita
444 474 537 501 rem
585 460 769 516 agitari,
817 466 870 504 vt
915 462 1176 504 auditorum
1221 462 1584 519 praestringatur
1629 469 1674 506 et
1721 464 2028 508 confundatur

336 530 546 585 attentio,
591 531 783 587 ideoque
829 532 925 574 sine
964 532 1115 575 fructu
1152 533 1373 576 recedant.
1437 534 1658 585 Quocirca
1696 535 1842 578 odisse
1879 536 2027 578 solent

335 600 708 657 disputationem,
749 607 801 645 vt
834 603 1044 645 inutilem
1082 607 1127 645 et
1159 618 1250 646 non
1280 604 1370 647 nisi
1402 604 1600 647 confusis
1631 606 1900 649 clamoribus
1931 621 2028 664 per-

335 677 628 729 strepentem,
669 672 725 714 ad
765 688 900 728 quam
939 674 1198 731 opinionem
1237 674 1507 718 abolendam
1545 676 1728 719 studeat
1758 678 2027 735 Praeceptor

337 744 509 799 aliquid
548 744 691 786 bonae
733 744 976 801 docltrinae
1009 759 1181 802 semper
1212 745 1390 788 afferre:
1431 746 1542 803 quin
1583 751 1628 788 et
1662 747 1813 803 aliqua
1845 762 1899 790 ex
1928 762 2028 805 pro-

332 815 440 857 lixis
478 815 749 857 lectionibus
790 830 1002 871 resecare,
1046 821 1098 859 vt
1139 831 1190 858 ea
1227 817 1276 859 in
1314 817 1434 860 diem
1466 817 1788 874 disputationis
1817 823 2027 874 reseruet,

335 886 474 941 digna
506 886 665 941 etiam,
705 901 818 943 quae
857 887 1040 930 sedulus
1079 888 1259 931 auditor
1298 889 1505 931 obseruet
1534 888 1656 931 inter
1686 888 2023 946 disputandum,

334 962 378 998 et
409 957 568 998 deinde
600 957 800 1000 breviter
830 958 995 1000 referat
1026 958 1075 1000 in
1107 959 1331 1014 libellum,
1363 959 1402 1002 si
1432 960 1559 1003 velit.
1621 959 1870 1017 Septimo
1909 960 2026 1004 illud

334 1029 601 1084 Praeceptor
632 1029 812 1085 cogitet,
846 1029 1167 1086 disputationis
1198 1030 1317 1073 diem
1347 1046 1439 1073 non
1471 1030 1620 1073 minus
1652 1046 1788 1087 quam
1818 1031 2024 1074 lectionis

333 1099 603 1141 laboriosum
644 1100 732 1142 sibi
772 1100 977 1143 futurum
1012 1116 1129 1144 esse:
1173 1102 1321 1153 Quare
1359 1102 1417 1144 ad
1448 1103 1591 1144 otium
1632 1106 1677 1144 et
1707 1102 1904 1158 quietem
1934 1117 2027 1145 non

334 1186 377 1212 se
410 1175 658 1227 comparet,
692 1171 768 1213 sed
801 1172 858 1214 ad
889 1173 1103 1228 laborem,
1136 1188 1276 1230 eoque
1307 1174 1545 1228 maiorem,
1580 1187 1667 1230 quo
1701 1173 1927 1216 difficilius
1959 1178 2027 1216 est

333 1241 443 1283 duas
489 1241 642 1296 horas,
693 1258 830 1298 quam
877 1258 1015 1286 Vnam
1058 1249 1209 1286 tenere
1256 1244 1532 1299 auditorem,
1587 1248 1632 1286 et
1681 1244 1862 1301 quidem
1908 1244 2025 1287 nihil

332 1313 620 1367 scribentem,
667 1329 750 1356 nec
796 1318 1035 1371 putantem
1078 1315 1126 1357 id
1165 1330 1247 1358 sua
1287 1316 1482 1358 multum
1521 1315 1749 1358 interesse.
1812 1315 1945 1365 Quod
1988 1316 2027 1357 si

331 1383 548 1439 langueat
593 1385 877 1442 Praeceptor,
932 1390 976 1428 et
1021 1401 1089 1428 res
1136 1386 1347 1444 progredi
1394 1387 1515 1429 sinat
1559 1391 1611 1429 vt
1656 1391 1868 1444 possunt,
1917 1386 2026 1443 quid

331 1454 517 1510 mirum,
566 1455 604 1497 si
647 1456 844 1511 segnitia
889 1457 1083 1513 quadam
1128 1473 1180 1500 ac
1216 1458 1366 1500 taedio
1411 1461 1509 1500 tota
1555 1457 1721 1500 Classis
1761 1458 2027 1514 obtorpeat?

333 1526 468 1568 Curet
497 1526 653 1582 itaque
685 1527 894 1584 primum,
935 1533 987 1571 vt
1025 1529 1205 1586 publice
1243 1544 1337 1571 non
1377 1529 1628 1586 disputent,
1667 1529 1758 1571 nisi
1790 1528 2022 1584 doctiores,

332 1598 493 1639 caeteri
523 1612 623 1640 raro
654 1599 877 1655 prodeant
909 1600 957 1641 in
988 1600 1245 1657 publicum,
1283 1615 1429 1656 neque
1461 1614 1567 1643 vero
1607 1605 1732 1654 tunc,
1772 1600 1861 1642 nisi
1897 1599 2023 1656 prius

330 1668 395 1710 ita
432 1669 646 1711 instructi
684 1685 709 1711 a
741 1671 1049 1728 Praeceptore,
1093 1676 1145 1714 vt
1190 1686 1240 1714 eo
1282 1672 1383 1714 loco
1429 1686 1522 1713 non
1567 1675 1787 1729 putentur
1827 1670 2022 1727 indigni.

331 1740 504 1782 Deinde
535 1740 583 1782 in
614 1741 807 1798 priuatis
838 1743 1102 1799 praesertim
1135 1742 1538 1800 disputationibus,
1583 1757 1698 1798 quae
1726 1741 1891 1798 frigere
1923 1741 2023 1798 plus

331 1812 477 1853 solent
502 1827 636 1867 quam
657 1827 929 1869 communes,
958 1815 1021 1857 sic
1049 1814 1386 1872 disputantibus
1406 1813 1604 1867 assistat,
1626 1818 1679 1856 vt
1699 1812 1792 1870 ipse
1812 1812 2023 1856 videatur

332 1897 438 1936 esse,
479 1883 556 1938 qui
594 1883 644 1924 in
671 1888 864 1940 vtroque
897 1889 1204 1928 concertatore
1244 1889 1490 1928 concertet:
1538 1883 1787 1939 collaudet,
1835 1883 1874 1926 si
1914 1883 2023 1939 quid

332 1954 440 1995 boni
473 1954 702 2008 afferatur3
738 1956 970 1998 attendere
1003 1971 1155 1999 omnes
1186 1956 1356 2011 iubeat,
1389 1971 1491 1999 cum
1521 1955 1714 2011 insignis
1735 1955 1886 2011 aliqua
1908 1954 2023 1997 diffi-

333 2024 479 2065 cultas
516 2026 747 2081 proposita
795 2030 878 2068 est:
929 2032 1144 2083 suggerat
1183 2027 1374 2069 subinde
1413 2027 1547 2069 breue
1586 2026 1779 2082 aliquid,
1823 2040 1911 2082 quo
1949 2025 2023 2068 vel

331 2094 492 2137 fulciat
542 2097 906 2152 respondentem,
963 2099 1034 2140 vel
1081 2102 1476 2154 argumentantem
1522 2097 1708 2153 dirigat:
1767 2096 2023 2139 aberrantes

331 2171 511 2208 reuocet
552 2167 600 2208 in
644 2167 855 2210 formam:
905 2169 1145 2226 exprobret
1187 2171 1322 2211 etiam
1363 2168 1566 2211 nondum
1608 2168 1889 2210 intellectam
1928 2182 2022 2210 rem

334 2237 551 2292 aliquam,
585 2253 721 2293 quam
752 2240 847 2296 ipse
880 2240 1014 2282 toties
1045 2240 1360 2283 inculcauerit:
1393 2255 1538 2296 neque
1570 2239 1648 2282 diu
1679 2243 1845 2294 taceat,
1876 2254 2021 2295 neque

333 2323 502 2364 semper
539 2309 763 2365 loquatur,
812 2316 863 2352 vt
902 2311 988 2368 ipsi
1026 2312 1164 2354 etiam
1203 2312 1415 2369 discipuli
1451 2316 1663 2368 promant
1700 2310 1820 2366 quod
1852 2311 2021 2364 sciunt3

332 2379 423 2434 ipse
456 2394 575 2434 vero,
609 2381 729 2436 quod
760 2387 1019 2438 promptum
1050 2383 1201 2437 fuerit,
1235 2382 1453 2437 emendet,
1487 2385 1564 2423 aut
1595 2381 1814 2438 expoliat3
1847 2385 1892 2423 et
1920 2384 2022 2438 post

296 2481 313 2493 ‚.
338 2451 535 2505 aliquam
568 2453 961 2508 concertationem,
1000 2453 1189 2508 inidicta
1227 2453 1437 2496 omnibus
1469 2452 1718 2495 attentione
1748 2467 1844 2494 rem
1874 2455 2020 2494 totam

333 2521 529 2563 breuiter
570 2524 804 2579 explanet,
844 2539 926 2566 nec
967 2525 1169 2581 patiatur
1208 2525 1281 2567 vel
1325 2528 1641 2580 argumentum
1680 2538 1792 2580 pene
1823 2523 2020 2566 solutum

333 2592 513 2647 longius
560 2594 731 2648 vrgeri,
786 2595 860 2636 Vel
911 2595 1247 2652 responsionem
1299 2610 1392 2637 non
1447 2595 1558 2636 bene
1607 2598 1890 2637 constantem
1940 2593 2020 2636 diu

333 2664 560 2705 sustineri:
610 2673 766 2707 contra
812 2681 918 2708 vero
966 2682 1058 2709 non
1101 2667 1352 2709 dissimulet
1396 2665 1702 2720 difficultates,
1748 2665 1825 2707 sed
1868 2664 2020 2722 dispu-

333 2739 503 2776 tantem
543 2736 752 2792 progredi
794 2737 968 2792 iubeat,
1011 2737 1151 2780 donec
1183 2739 1277 2779 vim
1317 2737 1493 2779 obtinet
1530 2741 1860 2792 argumentum.
1923 2735 2020 2778 Oc-

334 2811 460 2848 tauo
483 2806 682 2848 innitent
702 2823 747 2849 se
767 2808 965 2850 inuicem
986 2808 1279 2862 Professores,
1302 2808 1581 2850 diuersarum
1603 2808 1711 2849 licet
1733 2807 2016 2862 facultatum,

334 2877 389 2918 ad
421 2877 623 2934 priuatas
654 2878 790 2919 etiam
824 2879 1164 2935 disputationes,
1198 2879 1356 2921 saltem
1388 2893 1465 2935 per
1497 2878 1653 2920 horam
1684 2878 1896 2933 aliquam,
1929 2892 2017 2934 quo

334 2950 477 3005 magis
510 2950 783 2991 concertatio
815 2950 1034 2992 feruescat
1067 2965 1306 3006 congressu
1335 2951 1707 3006 Praeceptorum:
1741 2949 1928 2991 eandem
1960 2948 2017 2991 ob

334 3035 513 3062 causam
555 3020 808 3062 inuitentur
852 3021 910 3063 ad
956 3021 1130 3063 easdem
1175 3021 1386 3063 nonnulli
1430 3021 1587 3076 etiam,
1635 3021 1713 3077 qui
1758 3020 1807 3062 in
1850 3020 2016 3062 nostris

333 3091 587 3148 Academijs
633 3092 930 3135 Doctoratum
975 3092 1202 3135 consecuti
1247 3096 1371 3148 sunt,
1421 3092 1493 3135 vel
1537 3106 1718 3135 suorum
1764 3091 2015 3134 studiorum
