2143 3462
97 321 326 348 Conclusionum

139 364 176 380 uu
183 363 287 382 merus.

129 1104 321 1135 Respondens

111 1140 331 1165 conclusionem

144 1176 305 1200 confirmet.

169 1330 289 1361 Disput.

150 1370 317 1390 menstruae

138 1405 166 1426 ot
186 1401 319 1426 hebdom.

114 1556 264 1580 Audiendi
286 1560 313 1580 et

129 1592 303 1616 observandi

121 1628 312 1654 Professores.

131 1926 300 1957 Recognitio

94 1962 327 1986 conclusionum.

120 2294 160 2319 De
180 2295 292 2320 actibus

90 2330 319 2362 philosophicis.

177 2652 307 2676 Examen

147 2687 330 2720 metaphysi-

187 2730 299 2748 corum.

353 181 439 222 280

438 319 512 367 14.
546 321 601 362 In
613 322 896 376 generalibus
912 322 1086 364 actibus
1102 338 1205 364 con-

352 391 598 433 clusionesl
637 406 720 435 nec
751 393 887 434 nimis
911 393 1074 448 longae
1097 395 1203 447 sint,

350 477 433 505 nec
479 463 629 519 plures
674 463 767 506 fere
808 479 944 520 quam
983 466 1204 520 quinqua-

350 533 499 588 ginta,
532 535 781 590 pauciores,
805 535 842 576 si
863 535 1073 592 publicus
1090 536 1203 578 Aca-

350 604 523 646 demiae
569 620 666 647 mos
713 605 845 648 aliter
892 606 1068 650 habeat.
1147 607 1202 648 In

349 676 654 732 peculiaribus
712 692 820 719 vero
873 677 1050 719 actibus
1110 692 1201 719 non

349 747 499 803 plures
533 762 668 803 quam
700 748 890 803 viginti3
927 763 1063 804 quam
1094 748 1202 791 duo-

350 818 496 860 decim
551 819 625 861 vel
673 819 930 874 quindecim
984 819 1033 861 in
1078 834 1201 861 men-

549 189 662 224 Ratio
689 190 899 225 studiorum
927 195 964 225 et
989 191 1246 226 institutiones
1274 191 1519 225 scholasticae
1547 191 1744 227 Societatis
1770 193 1862 228 Jesu
1886 194 1925 228 II

1331 321 1403 368 14.
1437 322 1493 364 In
1534 322 1875 379 quibuscunque
1915 325 2090 367 actibus

1242 393 1549 435 conclusiones
1577 394 1783 449 singulae
1810 408 1902 436 non
1927 395 2090 438 nimias

1241 463 1523 520 quaestiones
1547 464 1915 521 complectantur.
1959 466 2021 508 Et
2041 467 2090 508 in

1241 535 1528 590 generalibus
1568 535 1750 590 quidem
1781 536 2090 579 conclusiones

1241 606 1332 648 sint
1374 620 1561 648 numero
1609 605 1702 648 fere
1741 606 2088 663 quinquaginta.

1239 678 1295 719 111
1346 677 1696 734 particularibus
1762 677 1853 720 fere
1900 678 2090 734 viginti,

1240 748 1476 791 duodecim
1508 749 1583 791 vel
1616 748 1873 804 quindecim
1901 749 1950 791 in
1969 765 2092 792 men-

1239 820 1376 861 struis
1422 819 1827 876 disputationibus3
1876 825 1976 863 octo
2016 823 2091 864 vel

1238 905 1403 933 novem
1455 891 1503 933 in
1553 890 1940 934 hebdomadariis:
2002 893 2091 935 nisi

1237 962 1386 1019 plures
1407 963 1482 1006 vel
1501 962 1734 1019 pauciores
1764 963 1972 1020 publicus
1993 979 2090 1008 303-

1239 1033 1413 1076 demiae
1445 1049 1542 1076 mos
1573 1034 1743 1090 exigat.

497 1102 569 1150 15.
604 1104 921 1160 Responsurus
968 1105 1303 1147 conclusionem
1348 1121 1486 1147 unam
1534 1109 1612 1148 aut
1660 1106 1847 1148 alteram
1889 1106 2091 1150 breviter

353 1179 610 1231 (antequam
643 1176 700 1217 ad
732 1176 1086 1233 disputationem
1119 1176 1345 1231 veniatur)
1376 1177 1511 1234 paulo
1544 1176 1726 1233 quidem
1758 1177 1979 1233 ornatius,
2013 1179 2089 1221 sed

350 1246 622 1303 Theologico
652 1251 805 1289 tamen
835 1262 958 1290 more
989 1248 1236 1290 confirmet.

351 889 487 932 struis
502 890 907 946 disputationibus5
942 905 1078 946 quam
1100 895 1199 933 octo

350 961 424 1003 vel
455 976 620 1004 novem
651 961 700 1003 in
732 961 1132 1005 hebdomadariis.2

494 1328 569 1376 16.
604 1331 674 1372 De
706 1332 948 1373 menstruis
980 1336 1025 1374 et
1055 1331 1422 1375 hebdomadariis
1453 1331 1838 1388 disputationibus
1869 1334 2091 1376 servanda

352 1400 594 1457 diligenter
626 1407 752 1444 curet
783 1417 898 1458 quae
928 1403 978 1444 in
1008 1404 1178 1460 regulis
1210 1403 1520 1446 Professorum
1552 1403 1827 1460 Theologiae
1858 1419 1908 1447 30
1939 1405 2091 1448 Ρ11110-

351 1472 534 1529 sophiae
566 1473 949 1530 praescribuntur.

491 1555 558 1602 17.
591 1557 764 1599 Audiat
796 1558 1041 1614 aliquando
1061 1559 1391 1616 Praeceptores,
1423 1558 1663 1601 minimum
1687 1558 1821 1601 semel
1849 1559 1900 1601 in
1919 1574 2087 1614 mense3

350 1627 578 1670 interdum
610 1628 749 1671 etiam
780 1629 1126 1671 commentarios
1157 1630 1281 1686 legat
1313 1645 1339 1672 a
1371 1629 1604 1687 discipulis
1635 1635 1857 1687 exceptos,
1909 1629 2091 1686 Siquid

351 1698 742 1742 animadversione
774 1700 964 1756 dignum
995 1701 1069 1743 vel
1098 1701 1194 1758 ipse
1227 1701 1534 1744 observaverit
1564 1700 1638 1744 vel
1670 1701 1863 1743 audierit
1894 1701 1951 1743 ab
1974 1702 2088 1756 aliis,

352 1769 431 1812 ubi
462 1770 509 1813 id
541 1775 660 1813 certo
693 1772 979 1828 compererit,
1013 1773 1357 1830 Praeceptorem
1376 1788 1594 1829 perquam
1616 1773 1812 1829 benigne
1834 1776 1879 1815 et
1901 1773 2090 1815 comiter

352 1841 595 1885 admoneat
624 1857 807 1899 remque
838 1847 983 1886 totam
1016 1844 1073 1886 ad
1105 1844 1363 1898 Rectorem,
1395 1844 1433 1885 si
1464 1858 1641 1886 necesse
1673 1844 1746 1898 sit,
1780 1844 1963 1887 deferat.

492 1925 565 1972 18.
598 1926 725 1968 Idem
757 1926 1052 1981 servandum,
1094 1942 1195 1969 cum
1233 1928 1282 1969 in
1320 1927 1693 1984 recognoscendis
1725 1927 2088 1971 conclusionibus

348 1997 523 2053 aliquid
552 1997 792 2052 incideret,
826 1998 947 2054 quod
977 1998 1096 2040 inter
1127 1997 1412 2040 Praefectum
1435 2002 1480 2040 et
1503 1999 1845 2056 Praeceptorem
1873 2013 1966 2041 non
1985 2014 2089 2041 0011-

347 2069 544 2124 veniret3
584 2084 731 2126 neque
764 2071 908 2125 enim,
941 2085 992 2112 eo
1023 2069 1257 2125 insciente,
1290 2070 1625 2113 conclusionem
1656 2071 1798 2112 ullam
1830 2075 1910 2113 aut
1940 2071 2087 2113 delere

348 2145 427 2183 aut
474 2140 714 2184 immutare
761 2141 917 2196 debet;
966 2141 1065 2199 ipsa
1104 2156 1210 2184 vero
1247 2141 1507 2184 immutatio
1547 2142 1645 2197 fiet,
1690 2142 1847 2185 ceteris
1878 2143 2088 2186 omnibus

346 2212 513 2267 insciis,
545 2217 722 2269 praeter
752 2213 1004 2255 Rectorem.

491 2295 566 2342 19.
601 2296 696 2339 Sub
727 2296 864 2338 finem
901 2297 1091 2339 triennii
1123 2312 1366 2354 cursusque
1404 2296 1707 2355 philosophici
1745 2299 1879 2354 (1832
1918 2298 2084 2340 solum:

350 2367 440 2409 Sub
472 2369 609 2422 finem
641 2382 795 2410 cursus
821 2369 1133 2425 philosophici)
1166 2369 1495 2427 disputationes
1524 2368 1779 2411 habeantur
1800 2369 1855 2411 de
1874 2369 2087 2412 universa

348 2437 660 2495 Philosophia,
709 2439 766 2482 ad
802 2455 913 2495 quas
951 2440 1213 2496 deligantur
1249 2442 1384 2498 pauci
1422 2445 1467 2482 et
1506 2441 1688 2497 egregie
1726 2441 1958 2496 instructi,
2007 2440 2086 2496 qui

349 2509 443 2565 ejus
474 2509 563 2552 loci
596 2510 873 2566 dignitatem
905 2511 1126 2554 sustinere
1156 2512 1358 2566 valeant,
1390 2511 1432 2553 h.
1456 2527 1491 2554 0.
1516 2512 1595 2568 qui
1625 2513 1727 2570 plus
1759 2527 1895 2568 quam
1916 2511 2084 2554 medio-

347 2580 482 2622 criter
512 2582 795 2638 profecerint.

434 2650 514 2698 20.
548 2653 611 2694 Η1
628 2654 850 2709 seligendi
871 2660 977 2697 sunt
995 2670 1074 2712 per
1096 2670 1197 2697 exa-

347 2723 591 2766 minatores
622 2730 712 2767 tres
745 2730 824 2768 aut
858 2726 996 2768 etiam
1032 2727 1193 2784 plures,

1323 2653 1403 2700 20.
1438 2657 1601 2709 (1832.)
1649 2655 1714 2697 Hi
1735 2654 1957 2711 seligendi
1979 2659 2085 2697 sunt

1231 2740 1310 2782 per
1341 2726 1673 2769 examinatores
1713 2731 1806 2769 tres
1838 2731 1917 2770 aut
1947 2726 2082 2769 etiam

1231 2797 1384 2853 plures
1403 2797 1525 2839 inter
1545 2798 1662 2853 illos,
1695 2797 1774 2855 qui
1796 2798 1850 2840 de
1871 2798 2083 2841 universa

1230 2867 1516 2925 philosophia
1547 2870 1878 2912 examinantur.

484 3034 494 3052 ²
521 3032 629 3067 Diese
650 3032 908 3068 conclusiones
930 3033 1124 3069 enthalten
1145 3033 1374 3079 gewohnlich
1400 3035 1438 3081 Je
1453 3035 1533 3071 eine
1547 3036 1690 3072 Anzahl
1714 3046 1785 3071 von
1799 3035 2078 3073 Einzelthesen.

488 3092 501 3112 ²
526 3102 560 3127 m
587 3110 630 3117 —
659 3091 803 3128 atariis.
