2143 3462
208 1630 233 1652 p.
258 1622 317 1647 165.

346 196 431 239 122
519 206 630 241 Ratio
656 207 858 242 studiorum
885 211 924 243 et
948 207 1202 242 institutiones
1229 207 1474 242 scholasticae
1498 207 1693 243 Societatis
1721 208 1810 243 Jesu
1834 208 1873 243 Π

344 327 613 380 argumenta
651 338 731 381 pro
773 328 816 367 et
856 330 1014 366 contra
1053 329 1272 381 apparatu
1304 324 1581 367 Scholastico
1615 324 1932 382 disponantur,
1964 325 2041 368 sed

343 410 422 452 per
451 395 589 437 dubia
619 395 693 437 vel
732 395 1039 438 conclusiones
1079 395 1320 438 difficultas
1367 395 1625 449 euoluatur,
1672 409 1722 437 eo
1765 395 1952 438 consilio
1989 411 2040 438 ac

345 466 497 520 ductu,
528 471 580 508 vt
613 466 920 509 Confessarius
950 466 1240 521 informetur,
1278 481 1370 508 non
1401 465 1680 522 Theologus:
1721 466 1770 508 in
1809 466 2041 510 confirma-

344 536 547 579 tionibus
579 542 730 580 autem
764 538 1102 579 conclusionum
1123 538 1373 593 seligantur
1404 537 1461 579 ad
1493 551 1718 578 summum
1749 536 1863 579 duae
1894 541 2042 580 tresue

344 608 540 651 rationes
573 609 789 666 optimae:
830 623 922 650 non
952 613 1156 650 taceatur
1193 613 1368 663 tamen,
1408 622 1598 664 quorum
1636 611 1869 651 auctorum
1901 623 1952 650 ea
1983 608 2043 651 sit

346 680 511 737 opinio,
546 680 789 722 dummodo
825 679 1175 722 Canonistarum
1207 694 1328 721 more
1349 694 1441 721 non
1463 683 1788 721 coaceruentur
1810 679 2043 734 allegatio-

344 766 435 793 nes.
499 752 639 793 Porro
672 751 736 792 ita
762 749 994 792 Professor
1025 765 1127 792 suas
1158 749 1391 807 opiniones
1424 749 1728 804 constabiliat,
1759 753 1812 792 vt
1845 750 2043 806 aliquam

345 822 483 863 etiam
516 821 664 876 aliam,
698 835 811 876 quae
843 821 985 863 bonos
1016 821 1182 863 habeat
1215 825 1410 876 autores,
1449 821 1676 877 significet
1715 835 1806 862 esse
1836 820 2044 878 probabi-

344 894 444 935 lem.
507 893 662 948 Neque
695 897 933 934 contentus
966 892 1024 933 sit
1056 891 1255 948 generali
1286 892 1482 947 quodam
1508 896 1745 949 praecepto
1765 906 1843 934 seu
1873 892 2042 948 regula,

345 964 422 1006 sed
449 964 584 1005 etiam
614 963 806 1020 exempli
834 963 982 1018 gratia
1004 963 1061 1004 ad
1083 968 1172 1005 tres
1204 967 1451 1018 quatuorue
1491 978 1618 1006 casus
1648 963 1942 1020 particulares
1973 962 2045 1005 de-

346 1034 542 1088 scendat,
577 1033 654 1075 sed
685 1047 777 1075 non
808 1033 957 1090 plures
989 1032 1095 1088 fere,
1140 1048 1196 1075 ne
1233 1038 1408 1090 tempus
1438 1034 1703 1076 vtilioribus
1735 1033 2043 1089 subtrahatur,

344 1120 427 1147 nec
458 1119 648 1160 usquam
679 1104 800 1146 vltra
830 1104 988 1146 horam
1019 1104 1211 1160 legatur.

487 1178 525 1218 7.
560 1174 772 1216 Lectione
803 1179 1006 1231 peracta,
1045 1174 1126 1216 fiat
1163 1175 1211 1217 in
1244 1175 1420 1218 Scholis
1460 1175 1670 1233 repetitio
1700 1190 1778 1233 per
1810 1174 2045 1217 dimidiam

345 1247 501 1289 horam
540 1250 771 1303 praesente
803 1246 1110 1302 Praeceptore,
1143 1251 1195 1289 vt
1225 1247 1274 1288 in
1296 1247 1543 1302 Theologia
1566 1246 1844 1289 Scholastica
1875 1245 2046 1288 dictum

345 1321 422 1359 est.
474 1316 611 1359 Domi
643 1316 847 1372 quotidie
879 1320 924 1357 et
958 1316 1029 1358 die
1050 1317 1290 1360 Dominico
1322 1322 1586 1374 repetantur
1606 1317 1865 1360 huiusmodi
1895 1316 2047 1359 lectio-

345 1403 423 1430 nes
455 1403 480 1429 a
513 1387 720 1430 Casistis:
755 1393 846 1429 tres
878 1392 1149 1430 moneantur
1183 1389 1261 1445 qui
1290 1392 1509 1446 repetant,
1541 1392 1585 1430 et
1613 1389 1805 1431 liberum
1837 1388 1895 1430 sit
1915 1388 2047 1430 Prae-

346 1458 518 1516 ceptori
550 1458 605 1500 ab
637 1458 821 1500 illorum
853 1459 1055 1514 quolibet
1082 1459 1262 1515 exigere
1294 1460 1501 1502 lectionis
1523 1464 1712 1517 partem,
1746 1474 1882 1516 quam
1902 1459 2046 1501 malu-

345 1531 448 1574 erit:
482 1534 658 1586 praesto
691 1530 750 1571 sit
782 1531 1053 1587 Praeceptor
1084 1531 1393 1587 repetentibus
1432 1545 1592 1588 eosque
1628 1531 1694 1573 ita
1731 1531 1957 1585 subleuet,
1995 1533 2047 1572 vt

347 1602 605 1658 frequenter
636 1602 773 1643 etiam
801 1603 806 1657 ἱ
834 1616 948 1657 quae
990 1601 1188 1643 breuiter
1220 1602 1392 1658 docuit,
1432 1603 1643 1660 explicet:
1690 1618 1741 1645 ea
1777 1617 1970 1658 namque
2001 1616 2048 1643 re

346 1688 618 1730 magnopere
640 1672 851 1728 indigent
873 1673 1095 1726 Casistae3
1117 1678 1219 1730 post
1234 1674 1550 1731 repetitionem
1568 1674 1707 1717 dubia
1722 1677 2046 1731 proponantur.

489 1747 527 1789 8.
562 1744 775 1795 Quolibet
810 1744 1021 1798 Sabbato,
1053 1745 1370 1801 praetermissa
1408 1746 1619 1800 lectione,
1659 1760 1737 1803 per
1775 1745 1884 1787 duas
1915 1745 2048 1787 horas

348 1817 402 1859 de
433 1815 676 1873 propositis
709 1814 1072 1857 conclusionibus
1104 1814 1358 1873 disputetur
1377 1816 1425 1858 in
1447 1816 1610 1859 Schola
1628 1830 1777 1858 coram
1809 1816 2047 1871 magistro:

348 1903 398 1930 ea
430 1901 538 1930 vero
562 1886 813 1943 disputatio
834 1900 926 1928 non
945 1890 1040 1928 tam
1062 1887 1332 1930 instituatur
1349 1887 1757 1944 argumentationis
1788 1887 1878 1942 filo,
1913 1901 2048 1942 quam

347 1957 730 2014 interrogationis,
771 1956 837 1999 ita
874 1961 925 1999 vt
963 1957 1037 1999 vel
1078 1958 1288 2014 exigatur
1327 1959 1585 2016 explanatio
1626 1958 1815 2001 alicuius
1851 1957 2048 2000 obscuri-

348 2030 455 2072 tatis
498 2030 572 2071 vel
615 2043 760 2071 nouus
805 2029 944 2071 Casus
984 2033 1160 2071 mutata
1207 2029 1531 2072 circunstantia
1568 2029 1720 2085 aliqua
1758 2032 2048 2085 proponatur,

349 2101 591 2143 dummodo
624 2114 716 2142 non
747 2100 806 2141 sit
828 2104 954 2142 extra
975 2100 1210 2143 materiam
1232 2100 1584 2155 conclusionum,
1617 2100 1688 2142 vel
1716 2104 1908 2157 petatur,
1943 2113 2049 2155 quo-

349 2172 481 2214 modo
514 2172 625 2213 haec
672 2171 940 2213 cohaereant
984 2186 1086 2213 cum
1124 2171 1512 2226 antecedentibus,
1560 2186 1663 2213 cum
1696 2170 1859 2227 quibus
1890 2185 2048 2227 parum

349 2243 600 2285 consentire
633 2242 869 2284 videntur:
902 2242 976 2285 vel
1010 2242 1145 2284 alicui
1179 2243 1455 2285 conclusioni
1497 2247 1749 2300 apponatur
1781 2242 1939 2284 Canon
1971 2256 2048 2283 seu

348 2314 516 2355 Doctor
548 2328 601 2355 ex
632 2313 877 2370 primarijS,
920 2329 997 2355 seu
1030 2315 1248 2356 nonnulla
1292 2314 1526 2356 mediocris
1571 2311 1927 2368 argumentatio,⁷
1961 2326 2049 2367 quo

349 2399 417 2426 res
448 2385 549 2442 plus
582 2384 746 2427 habeat
765 2384 1019 2440 dignitatis,
1052 2390 1294 2442 temperate
1314 2390 1466 2428 tamen
1487 2389 1532 2426 et
1551 2385 1686 2439 longe
1706 2383 1826 2425 infra
1855 2383 2050 2439 philoso-

349 2456 526 2513 phicam
567 2456 949 2498 consuetudinem.
1014 2456 1185 2498 Eadem
1224 2457 1332 2499 haec
1362 2456 1631 2514 praestanda
1662 2459 1769 2496 sunt
1800 2454 1938 2496 etiam
1969 2454 2048 2496 vbi

350 2527 491 2568 lector
521 2542 637 2569 Vnus
670 2532 748 2582 est,
783 2527 859 2569 sed
891 2527 1063 2569 decimo
1095 2527 1254 2584 quinto
1288 2543 1465 2584 quoque
1497 2526 1584 2580 die,
1616 2541 1698 2568 nec
1730 2526 1851 2569 vltra
1882 2525 2048 2581 sesqui-

350 2598 521 2641 horam.

491 2673 530 2714 9.
564 2670 655 2712 Vbi
674 2684 782 2712 vero
803 2670 931 2712 nulla
951 2673 1016 2711 est
1036 2669 1218 2725 publica
1239 2668 1372 2711 lectio
1397 2668 1605 2724 Casuum,
1624 2668 1887 2711 Sacerdotes
1904 2668 2047 2710 nostri

351 2746 446 2783 tam
478 2740 527 2782 in
559 2740 785 2796 Collegijs,
818 2756 953 2796 quam
984 2740 1033 2782 in
1055 2740 1290 2795 Domibus,
1321 2744 1374 2782 vt
1406 2740 1453 2781 in
1474 2755 1627 2782 eorum
1654 2740 1821 2796 regulis
1841 2739 2046 2794 habetur,

351 2812 421 2854 bis
452 2811 500 2853 in
529 2811 811 2853 hebdomada
842 2812 915 2853 vel
947 2812 1082 2853 semel
1113 2811 1274 2853 saltem
1307 2811 1581 2852 conueniant
1619 2811 1677 2853 ad
1706 2810 1961 2852 habendam
1993 2809 2048 2852 de

353 2882 541 2926 Casibus
573 2882 862 2924 collationem
894 2883 1014 2924 inter
1060 2897 1104 2923 se
1152 2881 1303 2938 aliquo
1349 2881 1572 2938 praeside,
1614 2882 1693 2938 qui
1723 2881 1966 2939 prudenter
1997 2896 2048 2923 ac

352 2959 452 2997 tuto
492 2953 633 3010 possit
671 2953 719 2995 id
755 2957 992 3010 praestare.
1055 2952 1128 2994 Ab
1173 2953 1258 2994 hac
1305 2956 1455 2994 autem
1503 2952 1742 2994 collatione
1789 2951 2048 2994 Sacerdotes

353 3025 469 3067 nulli
522 3023 734 3080 (exceptis
788 3023 1059 3078 Theologiae
1112 3022 1443 3065 Professoribus
1495 3023 1652 3079 alijsue
1696 3037 1808 3079 pene
1861 3021 2047 3079 paribus

353 3095 568 3150 Praesidi,
591 3094 669 3152 qui
689 3094 860 3137 mutuis
877 3093 1034 3136 horam
1056 3093 1342 3136 extraherent
1360 3094 1742 3147 contentionibus)
1773 3093 2045 3148 eximantur,
