2148 3402
495 194 538 233 R.
566 202 612 234 st.
640 197 742 234 1586.
793 195 946 233 scholae
972 194 1130 233 Gramm.
1157 198 1194 232 et
1219 190 1324 231 Hum.
1675 183 1755 229 191

60 318 343 374 diligentius,
384 333 496 374 quas
533 317 669 359 etiam
702 333 728 359 a
760 316 916 358 Pueris
949 315 1183 357 emendate
1215 315 1409 357 describi
1442 331 1493 357 ac
1526 316 1680 357 referri
1718 317 1764 357 in

63 390 241 432 libellos
272 403 546 446 papyraceos
578 392 767 445 oportet.
830 387 990 428 Altera
1017 387 1206 428 dimidia
1226 386 1420 442 diligens
1443 386 1519 428 fiet
1540 387 1763 443 repetitio.

202 461 372 502 Thema
418 460 615 502 dictetur
671 463 716 500 et
759 458 1038 513 syllabarum
1087 457 1307 499 dimensio
1362 462 1613 514 exponatur
1660 474 1761 499 611111
1777 458 2046 519 ῑ]’ῑῑ’ᾞη“αῗ;1·[ῑ“(”’“

64 532 216 587 aliqua
249 531 584 573 exercitatione.

205 603 410 644 Dimidia
453 602 710 658 Syntaxeos
754 605 799 642 et
831 600 1076 642 Prosodiae
1107 604 1348 656 praecepta
1384 599 1646 657 redfldantur
1678 602 2004 662 1116-Ι’·Ῐῗζξ’;,·ωιωΠι

62 675 258 717 moriter.
322 674 481 716 Altera
513 672 703 715 dimidia
737 672 957 714 Themata
989 671 1289 727 corrigantur.
1873 681 1951 704 ”⁰¹¹¹-

206 746 471 802 Explicetur
502 746 643 786 Poeta
673 758 752 800 per
782 743 1053 784 semihoram
1086 746 1130 783 et
1160 757 1237 798 per
1270 743 1457 784 alteram
1490 746 1732 799 repetatur.
1776 762 1907 785 sennan
1928 769 2039 794 pomer.

206 818 409 859 Ponatur
455 816 502 858 in
540 815 726 858 Graecis
757 815 908 858 verbis
939 814 1077 856 111ΜΙ
1104 818 1146 855 et
1172 813 1411 855 Anomalis
1444 818 1488 854 et
1514 813 1561 854 in
1591 814 1768 856 ratione
1801 815 2029 881 [¹¹‘¹¹¹;‚¹235‚¹¹³³¹¹·

64 887 376 943 inuestigandi
414 887 646 929 Thematis
685 891 730 927 et
774 886 822 927 in
863 885 1005 941 varijs
1037 884 1258 926 Dialectis
1302 900 1404 926 cum
1443 884 1771 926 exercitatione

65 976 146 1017 per
176 960 335 1002 breues
366 957 744 1013 interrogationes
776 972 951 1011 eorum,
986 972 1101 1013 quae
1132 957 1223 998 iam
1256 956 1534 999 didicerunt:
1586 957 1772 998 alternis

67 1035 218 1074 autem
259 1030 562 1087 explicabitur
592 1029 772 1071 facilior
803 1028 968 1084 aliquis
999 1028 1161 1083 Autor,
1199 1032 1251 1071 vt
1283 1028 1501 1084 Aesopus,
1542 1028 1772 1070 Homiliae

67 1101 288 1158 quaedam
318 1100 648 1157 Chrysostomi,
682 1100 841 1156 Basilij
876 1104 921 1141 et
952 1100 1000 1142 id
1031 1115 1187 1156 genus.
1253 1099 1331 1140 Bis
1364 1099 1502 1141 etiam
1530 1099 1577 1141 in
1600 1099 1773 1141 hebdo-

68 1174 200 1215 mada
233 1173 407 1229 aliquid
441 1173 610 1214 Graece
643 1175 948 1214 conuertatur.
983 1197 1037 1202 -—
1074 1198 1127 1201 -—
1163 1197 1216 1201 -

209 1244 331 1286 Illud
362 1244 547 1285 tandem
578 1243 649 1288 his
681 1243 891 1285 omnibus
924 1242 1160 1284 ordinibus
1182 1257 1422 1284 commune
1449 1247 1530 1297 est,
1565 1248 1615 1285 vt
1635 1244 1774 1299 prius,

70 1331 206 1372 quam
238 1317 510 1372 Praeceptor
548 1314 856 1370 aggrediatur,
899 1329 1013 1370 quae
1051 1314 1120 1356 sui
1160 1314 1331 1356 ordinis
1361 1315 1544 1371 propria
1583 1320 1689 1356 sunt
1726 1315 1775 1356 in

69 1387 284 1444 Syntaxi,
318 1386 515 1428 breuiter
545 1389 721 1442 repetat
751 1401 924 1442 semper
955 1401 1069 1441 quae
1100 1385 1149 1427 in
1181 1385 1394 1427 inferiore
1424 1386 1563 1428 classe
1593 1386 1776 1427 fuerant

72 1458 292 1516 exposita,
324 1462 377 1501 vt
407 1457 656 1499 identidem
688 1457 917 1500 inculcata
948 1457 1124 1514 plenius
1155 1458 1476 1513 intelligantur
1495 1463 1539 1499 et
1560 1457 1776 1499 haereant

71 1529 258 1571 firmius.

215 1600 307 1644 Vbi
338 1615 444 1643 vero
478 1599 678 1656 quinque
709 1605 817 1642 sunt
848 1602 1167 1657 Praeceptores
1201 1600 1550 1656 Grammaticae,
1583 1601 1672 1643 duo
1705 1616 1774 1643 or-

73 1672 201 1714 dines
239 1672 408 1726 infimi,
452 1672 532 1727 qui
568 1672 800 1728 pertinent
840 1672 897 1714 ad
935 1671 1218 1726 rudimenta,
1256 1671 1527 1727 redigantur
1558 1672 1606 1713 in
1638 1688 1776 1715 vnam

74 1743 260 1785 classem
301 1742 384 1785 sub
417 1742 578 1785 eodem
617 1744 928 1800 Praeceptore,
968 1758 995 1784 a
1034 1758 1124 1799 qua
1164 1757 1257 1784 non
1287 1748 1652 1800 promoueantur,
1688 1744 1778 1785 nisi

74 1819 176 1871 post
205 1818 413 1856 semestre
443 1818 622 1871 tempus
654 1815 893 1857 ordinarie.

217 1885 389 1935 Quodsi
422 1885 732 1928 Grammatica
770 1886 1002 1928 institutio
1041 1890 1240 1943 quatuor
1272 1886 1489 1928 sortiatur
1518 1887 1778 1942 MagistrOS,

75 1957 125 1999 in
156 1957 360 1999 infimam
391 1957 579 1999 classem
612 1957 867 2000 coalescant
898 1958 988 2000 duo
1021 1957 1216 2012 ordines,
1248 1957 1464 2000 videlicet
1495 1957 1683 1999 inferior
1703 1958 1778 2000 Se-

76 2028 248 2071 cundae
286 2028 441 2070 classis
481 2033 525 2070 et
558 2029 775 2086 Superior
806 2029 987 2072 Tertiae
1023 2029 1204 2071 excluso
1237 2028 1464 2085 inferiori,
1502 2044 1777 2085 quanquam,

76 2100 115 2141 si
145 2114 324 2142 necesse
355 2100 428 2155 sit,
469 2100 637 2156 omnia,
669 2116 784 2157 quae
817 2106 925 2143 sunt
956 2101 1135 2143 Tertiae
1167 2101 1336 2155 6163313,
1376 2101 1425 2142 111
1455 2116 1598 2144 vnum
1629 2100 1779 2156 redigi

75 2176 258 2228 possent
290 2171 506 2214 ordinem.

218 2243 318 2285 Iam
349 2242 386 2284 si
416 2247 506 2285 tres
536 2242 707 2285 fuerint
730 2243 1065 2286 Grammaticae
1086 2244 1380 2299 Professores,
1401 2244 1405 2302 Ι
1428 2244 1621 2300 quilibet
1648 2243 1779 2286 binos
1801 2261 1905 2293 pesa.

77 2313 212 2356 vnius
245 2313 399 2356 classis
432 2314 612 2356 ordines
643 2314 883 2368 sortiatur3
931 2315 1001 2357 sin
1040 2315 1212 2358 fuerint
1243 2316 1346 2371 duo,
1384 2331 1477 2358 non
1508 2315 1689 2372 expedit
1721 2316 1777 2357 ab

77 2385 149 2427 his
188 2385 336 2427 doceri
375 2385 653 2431 rudimenta:
703 2401 840 2443 quare
885 2401 1002 2430 Vnus
1040 2387 1129 2429 sibi
1172 2387 1284 2429 duos
1325 2387 1505 2429 ordines
1547 2387 1779 2429 Secundae

78 2456 245 2511 classis,
278 2456 394 2498 alter
414 2457 595 2500 Primae
628 2458 740 2500 duos
773 2458 952 2500 ordines
973 2458 1251 2501 vendicabit.
1314 2458 1487 2508 Quodsi
1513 2458 1780 2502 rudimentis

79 2528 216 2570 etiam
248 2532 449 2570 nostram
476 2544 656 2586 operam
678 2529 906 2587 oportebit
926 2529 1195 2587 impendere,
1228 2534 1530 2572 annectantur
1550 2529 1781 2572 Secundae

81 2599 224 2641 classi.
287 2599 467 2641 Tertius
498 2615 604 2643 vero
636 2601 871 2657 Magister,
905 2601 984 2658 qui
1014 2604 1191 2658 praeter
1222 2600 1336 2643 duos
1369 2601 1701 2644 Grammaticos
1730 2601 1780 2642 in

82 2669 298 2726 Collegijs
317 2671 568 2713 minoribus
591 2672 704 2714 solet
726 2687 833 2728 esse,
860 2687 953 2715 non
971 2673 1157 2716 videtur
1174 2673 1485 2715 Grammatica
1506 2673 1778 2715 onerandus:

82 2741 224 2783 satius
255 2741 342 2783 erit
375 2741 531 2784 docere
562 2743 713 2798 illum,
758 2759 873 2800 quae
905 2749 1012 2786 sunt
1043 2744 1224 2801 propria
1257 2743 1434 2786 scholae
1465 2745 1780 2787 Humanitatis

82 2815 127 2853 et
157 2826 275 2854 anno
307 2816 512 2855 vertente
543 2813 707 2857 addere
738 2815 1055 2873 compendium
1087 2815 1358 2858 Rhetoricae
1391 2831 1445 2858 ex
1477 2815 1719 2873 Cypriano.

223 2884 466 2925 Praeterea
513 2884 549 2926 si
589 2885 709 2941 quod
749 2886 1005 2943 Collegium
1043 2886 1156 2929 duos
1193 2890 1371 2929 tantum
1411 2887 1655 2944 Magistros
1698 2887 1779 2928 ha-

82 2952 207 3010 beat,
247 2969 358 3010 quos
391 2959 435 2996 et
466 2955 813 2999 Humanitatem
845 2961 891 2999 et
922 2957 1278 3000 Grammaticam
1311 2958 1468 3000 docere
1499 2973 1675 3000 necesse
1707 2958 1779 3011 sit,

83 3022 132 3065 in
172 3025 283 3067 duos
322 3026 550 3081 quaelibet
587 3027 742 3069 classis
773 3028 1007 3071 diuidatur
1037 3028 1218 3071 ordines
1257 3029 1340 3070 hoc
1370 3029 1463 3071 fere
1494 3028 1640 3070 modo.
1705 3028 1781 3070 Se-

84 3095 275 3152 cundae,
313 3097 399 3139 hoc
432 3101 520 3153 est,
558 3097 784 3140 inferioris
816 3099 971 3141 classis
1003 3099 1151 3142 ordini
1184 3099 1411 3155 inferiori,
1447 3100 1706 3141 rudimenta
1735 3103 1781 3139 et
