2089 3381
637 154 680 188 R.
708 156 753 188 st.
783 153 883 187 1586.
921 151 972 185 De
1001 149 1211 193 seripturis.
1718 137 1772 177 69

87 278 167 318 est.
237 273 403 323 Quodsi
446 274 544 329 quis
584 276 708 326 esset,
760 271 838 326 qui
884 270 932 311 in
978 283 1243 323 gemianum
1292 267 1549 322 Scripturac
1597 280 1775 306 sensum

86 349 262 386 strenue
294 344 693 400 peruestigandum
724 341 1013 394 incumberet,
1053 355 1193 394 eoque
1234 343 1461 393 comperto
1504 337 1558 377 ad
1602 337 1777 391 reliqua

86 416 277 471 gradum
317 415 495 468 faceret,
543 419 595 457 vt
639 428 729 456 vno
770 413 919 467 aliquo
959 426 1077 453 anno
1125 410 1269 451 multa
1315 413 1463 465 posset
1509 422 1775 463 pel'(;111're]·‹'·,

85 503 219 543 quam
251 487 456 544 plurimis
476 486 479 539 Ι
499 501 603 528 sane
625 484 931 539 gratissimum
953 487 1066 524 esset
1086 482 1220 523 huius
1242 481 1456 521 lectiones
1479 478 1774 533 frequentare.
1801 506 1826 528 1..
1850 498 1891 521 m.

230 562 267 602 2.
319 558 390 600 Ad
435 556 753 613 inquirendum
800 553 1203 610 exponendumque
1252 551 1445 592 fideliter
1492 555 1535 591 et
1584 549 1779 590 breuiter

86 629 307 671 literalem
339 643 528 681 sensum,
563 627 687 669 cuius
718 625 1004 682 praecipuam
1037 639 1189 665 curam
1219 626 1396 678 oportet
1420 636 1525 674 esse,
1558 621 1668 662 haec
1689 620 1779 661 fere

87 700 286 743 conferre
336 715 462 756 posse
510 699 733 741 videntur.
812 697 965 738 Primo
1018 694 1328 737 antecedentia
1375 697 1419 734 et
1461 692 1781 747 consequentia

86 771 386 814 conferantur.
449 769 654 813 Secundo
686 768 982 810 obseruentur
1021 767 1202 822 phrases
1242 770 1286 806 et
1324 766 1494 820 figurae
1529 763 1782 818 Scriptura-

86 857 186 884 rum
217 842 420 898 propriae
452 842 501 883 in
530 840 738 882 omnibus
770 839 953 895 linguis,
987 838 1193 879 adductis
1226 841 1269 878 et
1299 836 1512 892 expositis
1534 834 1644 876 locis
1667 833 1780 889 alijs,

87 914 135 955 in
168 913 332 969 quibus
363 912 572 954 similiter
593 911 666 954 Vel
699 911 828 952 aliter
849 925 939 952 Vna
972 910 1123 965 aliqua
1155 909 1329 965 phrasis
1351 912 1492 949 sonat.
1558 906 1656 955 Quo
1678 921 1782 947 sane

86 989 219 1042 pacto
265 984 355 1038 fiet,
402 988 454 1026 vt
501 983 622 1025 intra
669 982 915 1035 biennium,
965 995 1053 1037 quo
1096 980 1253 1023 Nostri
1300 979 1557 1035 Scripturae
1601 981 1781 1031 vacant,

85 1069 300 1110 magnam
331 1054 490 1096 harum
523 1069 670 1095 rerum
701 1053 789 1095 sibi
821 1050 1463 1109 comparent·supellectilem,
1504 1063 1592 1104 qua
1632 1048 1688 1089 ad
1717 1063 1783 1089 re-

87 1126 314 1181 liquorum
365 1125 502 1167 etiam
551 1125 753 1167 locorum
815 1124 1169 1179 intelligentiam
1226 1122 1472 1163 reddantur
1521 1119 1782 1176 paratiores,

88 1197 238 1239 Tertio
269 1196 476 1239 Hebraea
508 1211 684 1252 quoque
716 1201 760 1238 et
793 1197 964 1238 Graeca
996 1194 1265 1252 explicanda
1297 1197 1403 1235 sunt
1441 1196 1573 1247 atque
1614 1191 1782 1232 exami-

86 1268 250 1323 nanda,
300 1283 401 1310 cum
439 1268 513 1310 vel
552 1284 577 1310 a
615 1268 782 1309 Latina
820 1268 1013 1323 vulgata
1045 1267 1241 1309 editione
1274 1265 1523 1321 discrepare
1555 1263 1783 1317 videntur,

87 1339 145 1381 ad
175 1353 328 1381 eorum
360 1339 738 1394 conciliationem,
778 1339 927 1395 quoad
958 1338 1052 1380 eius
1084 1337 1181 1379 fieri
1217 1336 1404 1393 poterit:
1436 1336 1509 1377 Vel
1541 1350 1643 1376 cum
1676 1334 1784 1376 alia-

86 1425 187 1453 rum
219 1410 481 1466 linguarum
512 1410 742 1452 Idiotismi
782 1410 839 1452 ad
877 1410 1092 1452 maiorem
1134 1408 1372 1450 conferunt
1409 1406 1503 1448 siue
1540 1405 1784 1463 perspicui-

87 1484 244 1533 tatem,
277 1481 371 1523 siue
403 1482 646 1538 energiam.
709 1482 808 1524 Hae
826 1496 934 1523 vero
967 1481 1138 1523 aliaeve
1169 1480 1366 1521 rationes
1398 1479 1435 1520 si
1466 1493 1558 1520 non
1591 1477 1782 1531 subsint,

87 1551 205 1593 nihil
250 1552 417 1594 attinet
465 1553 687 1595 demorari
728 1553 778 1595 in
815 1553 1034 1595 Hebraeis
1079 1556 1157 1594 aut
1207 1551 1389 1594 Graecis
1429 1549 1781 1606 exemplaribus3

88 1623 234 1665 multo
266 1623 416 1666 minus
454 1624 503 1666 in
542 1639 695 1666 eorum
726 1624 961 1667 vocabulis
999 1623 1298 1680 explanandis
1337 1621 1517 1664 lexicon
1556 1621 1784 1676 significa-

88 1694 268 1736 tionum
297 1699 461 1737 texere.
523 1696 616 1738 Nec
647 1695 827 1752 expedit
857 1710 1071 1751 magnam
1103 1709 1283 1751 operam
1305 1707 1471 1750 ponere
1492 1692 1541 1734 in
1568 1692 1785 1747 colligen-

86 1765 156 1807 dis
187 1770 231 1808 et
262 1766 543 1809 excutiendis
573 1768 799 1809 erroribus
843 1767 1035 1809 aliarum
1066 1765 1340 1819 versionum,
1380 1765 1474 1806 siue
1512 1763 1784 1805 Latinarum

85 1837 398 1893 recentiorum,
445 1837 539 1880 siue
583 1838 867 1893 Ohaldaicae,
916 1837 1142 1894 Syriacae,
1190 1836 1528 1889 Theodotionis,
1574 1834 1780 1890 Aquilae,

88 1908 364 1964 Symmachi,
394 1909 485 1951 nisi
514 1923 682 1951 errores
713 1914 757 1951 et
786 1909 987 1965 insignes
1019 1910 1111 1951 sint
1140 1912 1185 1950 et
1215 1908 1449 1965 probabile
1469 1907 1653 1963 aliquod
1674 1922 1780 1963 prae

88 1994 133 2021 se
164 1979 312 2022 ferant
342 1979 703 2023 fundamentum.
774 1981 1012 2023 Caeterum
1050 1980 1087 2022 si
1128 1979 1250 2035 quid,
1292 1979 1413 2035 quod
1452 1978 1643 2020 Latinae
1683 1978 1782 2019 vul-

87 2054 220 2108 gatae
258 2051 448 2094 editioni
484 2052 646 2095 fideive
676 2057 856 2094 nostrae
896 2051 1125 2109 mysterijs
1162 2050 1329 2105 faueat,
1376 2054 1601 2107 repertum
1645 2049 1783 2092 fuerit

87 2123 160 2165 Vel
191 2122 240 2164 in
271 2123 574 2180 Paraphraste
600 2124 607 2181 j
638 2124 878 2178 Chaldaeo,
923 2123 999 2179 qui
1033 2123 1151 2180 apud
1182 2122 1374 2164 Iudaeos
1411 2122 1461 2163 in
1492 2121 1661 2163 honore
1700 2126 1779 2176 est,
1825 2159 1830 2165 .

87 2193 162 2236 vel
193 2193 242 2235 in
282 2194 481 2250 antiquis
518 2195 970 2252 interpretationibus
1008 2194 1214 2250 Aquilae,
1262 2193 1538 2250 Symmachi,
1581 2192 1784 2234 Theodo-

88 2265 240 2321 tionis,
275 2266 519 2322 diligenter
551 2267 882 2309 obseruandum
902 2266 1084 2308 videtur
1116 2266 1329 2308 adversus
1357 2265 1548 2307 Iudaeos
1571 2268 1614 2306 et
1634 2264 1785 2306 haere-

89 2336 220 2391 ticos3
254 2338 396 2379 multo
423 2352 530 2381 vero
561 2338 721 2393 magis,
755 2338 792 2379 si
825 2337 931 2394 quid
962 2337 1224 2379 huiusmodi
1255 2337 1391 2379 fuerit
1423 2336 1542 2393 apud
1566 2338 1621 2379 70
1642 2336 1785 2378 Inter-

89 2412 247 2464 pretes,
281 2408 335 2450 de
366 2409 530 2464 quibus
560 2409 805 2451 honorifice
838 2424 1010 2465 semper
1040 2409 1316 2464 loquendum
1348 2412 1438 2462 est3
1482 2412 1526 2449 et
1556 2408 1662 2450 licet
1693 2422 1786 2449 non

91 2483 278 2534 constet,
324 2479 433 2535 quid
473 2480 656 2522 illorum
695 2480 754 2522 sit
789 2480 839 2522 in
876 2479 1075 2522 editione
1118 2480 1305 2534 Graeca,
1350 2495 1464 2536 quae
1494 2495 1616 2522 nunc
1648 2483 1785 2534 extat,

92 2564 228 2605 quare
259 2564 352 2592 non
384 2554 450 2592 est
479 2566 668 2606 necesse,
702 2551 919 2608 quicquid
949 2551 998 2593 in
1031 2566 1081 2593 ea
1113 2551 1293 2606 legitur,
1326 2551 1638 2608 incorruptum
1670 2566 1785 2605 esse3

92 2620 130 2662 si
162 2621 261 2677 quis
294 2625 447 2664 tamen
484 2623 609 2664 locus
639 2623 943 2680 Interpretum
983 2639 1008 2666 a
1046 2622 1260 2665 Patribus
1300 2622 1523 2680 plerisque
1564 2622 1789 2676 allegatur

93 2707 145 2734 ae
174 2693 401 2749 recipitur,
440 2693 745 2736 defendendus
785 2699 912 2740 esset.
977 2694 1148 2744 Quarto
1181 2694 1239 2736 ad
1270 2695 1317 2736 id
1354 2694 1490 2736 etiam
1529 2694 1788 2735 conducunt

93 2763 368 2806 Pontificum
401 2768 445 2806 et
478 2765 783 2808 Conciliorum
802 2767 1018 2821 Canones,
1053 2766 1144 2822 qui,
1178 2766 1215 2807 si
1242 2781 1373 2821 quem
1407 2780 1498 2806 esse
1528 2764 1789 2819 significent

94 2835 344 2892 cuiuspiam
374 2835 464 2877 loci
493 2836 717 2879 literalem
749 2852 940 2893 sensum,
975 2842 1054 2880 aut
1084 2852 1139 2879 ex
1169 2852 1220 2879 eo
1252 2837 1349 2878 loco
1381 2837 1488 2878 fidei
1521 2836 1687 2892 dogma
1709 2836 1789 2877 ali-

93 2906 213 2961 quod
244 2920 297 2947 ex
313 2906 526 2947 instituto
560 2909 898 2963 constabiliunt,
933 2925 1034 2952 eum
1055 2908 1213 2951 Nostri
1241 2908 1463 2950 literalem
1494 2923 1586 2949 esse
1609 2920 1787 2948 sensum

96 2976 362 3030 defendant3
396 2992 478 3018 nec
510 2977 600 3019 fere
630 2984 858 3035 oporteret
891 2981 1002 3022 alios
1034 2983 1261 3036 praeterea
1293 2979 1492 3021 literales
1532 2992 1685 3018 sensus
1717 2991 1788 3017 su-

95 3048 348 3104 peraddere,
380 3048 468 3090 nisi
497 3049 687 3091 eximiae
719 3051 937 3106 quaedam
962 3050 1148 3092 faueant
1172 3050 1465 3092 coniecturae.
1506 3047 1677 3097 Quinto
1703 3047 1788 3088 Pa-
