2153 3467
123 616 323 639 Praemiorum

156 657 306 675 numerus.

113 1618 312 1647 Scriptmnum

186 1653 258 1678 dies.

127 2047 308 2072 Constitutae

169 2085 266 2109 horae.

125 2190 265 2219 Egressus
287 2193 314 2213 et

131 2226 309 2256 colloquium

160 2264 280 2286 vetatur.

130 2548 257 2578 Tempus
279 2548 307 2569 ut

107 2582 334 2614 prorogandum.

139 2975 319 3005 scriptiones

122 3010 329 3047 obsignaudae.

341 201 428 243 374
530 211 643 245 Ratio
670 212 871 246 studiorum
898 216 936 247 et
961 212 1219 249 institutiones
1245 213 1485 248 scholasticae
1511 212 1705 248 Societatis
1732 213 1822 249 Jesu
1847 214 1885 248 II

878 509 1059 587 Leges
1104 508 1531 573 praemiorum.

488 617 528 661 1.
592 616 863 659 Rhetoricae
897 621 996 658 octo
1035 617 1237 674 praemia
1268 622 1596 674 proponentur,
1639 617 1725 660 duo
1765 617 1937 660 solutae
1977 634 2073 661 ora—

340 685 479 728 tionis
500 687 683 742 latinae,
715 688 803 730 duo
837 688 1075 742 carminis;
1109 689 1199 731 duo
1221 689 1396 731 solutae
1413 688 1631 731 orationis
1652 703 1854 745 graecae,
1885 690 2075 733 totidem

342 758 493 814 graeci
526 759 749 802 carminis.
815 760 902 802 Sex
935 759 1057 814 item,
1089 759 1166 801 sed
1197 759 1352 802 eodem
1394 760 1526 816 plane
1570 759 1739 815 ordine,
1772 761 1819 802 in
1857 762 2078 804 Humani-

344 833 442 872 tate
491 836 535 872 et-
583 830 631 872 in
679 830 826 888 prima
876 831 1013 873 classe
1064 831 1420 886 Grammaticae,
1462 831 1621 873 relicto
1666 847 1725 873 sc.
1768 847 1929 889 graeco
1982 848 2077 876 car-

346 901 481 956 mine,
515 901 641 958 cujus
673 901 793 944 infra
824 901 1118 944 Rhetoricam
1150 901 1241 944 fere
1272 916 1365 944 non
1387 906 1454 945 est
1472 917 1592 946 usus,
1641 901 1847 952 Quatuor
1869 902 2079 962 deinceps

346 972 392 1014 in
426 972 635 1015 omnibus
669 971 771 1015 aliis
803 972 1106 1028 inferioribus,
1140 972 1300 1015 relicto
1333 972 1469 1015 etiam
1499 972 1644 1016 latino
1677 974 1888 1017 carmine.
1951 975 2082 1019 Unus

346 1050 575 1100 praeterea
607 1047 686 1086 aut
717 1044 831 1086 alter
862 1044 911 1086 in
943 1044 1136 1100 singulis
1167 1043 1399 1099 classibus,
1432 1043 1511 1100 qui
1541 1043 1710 1101 optime
1733 1045 1935 1089 omnium
1957 1046 2084 1089 Chri-

347 1116 543 1157 stianam
576 1115 830 1159 doctrinam
864 1142 916 1147 —

345 1186 620 1242 recitaverit,
1214 1194 1346 1251 1183‘2:
1380 1187 1607 1243 didicerit,
1649 1188 1717 1230 uti
1758 1187 1894 1230 etiam
1927 1187 2005 1244 qui
2037 1187 2085 1230 in

1234 1259 1419 1315 linguae
1451 1259 1721 1302 vernaculae
1761 1258 1910 1301 studio
1953 1263 1998 1301 et
2036 1258 2086 1302 in

1235 1329 1492 1373 accessoriis
1524 1330 1777 1388 disciplinis
1809 1330 2085 1385 excelluerit,

348 1401 551 1459 praemio
585 1401 795 1444 donetur.
858 1403 1081 1445 Poterunt
1111 1406 1277 1456 tamen,
1308 1402 1388 1445 ubi
1420 1402 1582 1459 ingens
1610 1406 1689 1445 aut
1707 1416 1876 1460 parvus
1909 1405 1977 1443 est
2006 1417 2088 1444 nu-

349 1488 496 1515 merus
513 1471 852 1530 discipulorum,
866 1474 997 1530 plura
1019 1473 1093 1516 vel
1112 1475 1326 1531 pauciora
1351 1472 1462 1529 dari,
1486 1473 1729 1516 dummodo
1746 1472 1895 1532 potior
1916 1487 2089 1532 semper

351 1544 523 1586 solutae
554 1544 772 1587 orationis
803 1545 971 1588 latinae
1003 1545 1119 1587 ratio
1151 1544 1384 1588 habeatur.

494 1614 538 1662 2.
601 1615 839 1659 Scribendi
884 1620 1112 1659 certamen
1155 1616 1203 1658 in
1384 1616 1427 1663 2.
1493 1615 1730 1659 Scribendi
1770 1618 1996 1659 certamen
2041 1615 2089 1657 in

351 1687 591 1730 distinctos
623 1686 718 1729 dies
761 1687 1014 1743 dividatur,
1054 1688 1121 1730 ita
1152 1693 1204 1731 ut
1243 1687 1482 1730 distinctos
1522 1687 1616 1730 dies
1655 1686 1906 1742 dividatur,
1938 1687 2006 1729 ita
2038 1692 2091 1729 ut

351 1759 466 1801 alius
498 1758 591 1801 dies
622 1759 819 1802 orationi
856 1759 1048 1815 latinae,
1089 1759 1203 1802 alius
1243 1759 1436 1815 singulis
1468 1758 1789 1816 scriptionibus
1807 1758 1902 1801 dies
1920 1758 2091 1815 singuli

352 1830 601 1873 scribendis
621 1831 839 1886 versibus,
873 1831 952 1874 alii
983 1831 1093 1874 item
1114 1831 1203 1874 duo
1241 1831 1541 1887 assignentur.

353 1902 447 1945 dies
479 1917 667 1958 graecae
699 1902 895 1945 orationi
926 1917 979 1945 ac
999 1902 1225 1981 versibusi

353 1973 629 2018 tribuantur.

498 2045 543 2092 3.
609 2045 776 2088 Omnes
807 2046 855 2088 in
888 2060 1017 2089 suam
1049 2046 1238 2102 quisque
1258 2045 1456 2088 scholam
1481 2044 1641 2088 diebus
1671 2048 1716 2086 et
1746 2043 1868 2086 horis
1900 2042 1957 2086 ad
1987 2043 2092 2085 scri-

358 2117 556 2160 bendum
587 2117 848 2160 constitutis
879 2116 1167 2160 conveniant,

502 2188 546 2234 4.
609 2188 810 2245 Accepto
830 2188 1054 2232 scribendi
1075 2193 1356 2245 argumento,
1390 2192 1496 2230 ante
1525 2187 1779 2230 absolutam
1801 2186 2091 2243 scriptionem

362 2276 414 2302 ao
445 2259 675 2314 traditam,
708 2275 842 2303 nemo
866 2276 888 2302 e
910 2275 990 2303 sua
1022 2260 1175 2303 schola
1206 2260 1485 2317 egrediatur,
1526 2273 1670 2314 neque
1716 2272 1818 2299 cum
1851 2257 1939 2299 alio
1971 2257 2093 2298 intra

360 2331 455 2374 sive
474 2336 603 2374 extra
625 2332 916 2389 gymnasium
940 2332 1244 2388 colloquatur3
1278 2331 1316 2373 si
1337 2329 1504 2387 egredi,
1536 2329 1657 2372 facta
1673 2332 1827 2370 tamen
1853 2330 2091 2385 potestate,

360 2417 537 2445 necesse
568 2403 648 2458 sit,
688 2409 1010 2460 argumentum
1057 2408 1100 2445 et
1147 2402 1363 2460 quicquid
1404 2399 1632 2458 scripserit
1675 2400 1795 2458 apud
1843 2414 1965 2453 eum,
2014 2398 2093 2455 qui

362 2479 458 2516 tum
490 2473 670 2517 scholae
699 2479 888 2532 praeest,
920 2474 1214 2531 relinquatur.

505 2545 549 2592 5.
614 2546 662 2587 Si
683 2546 782 2602 quis
803 2545 985 2601 longius
1014 2546 1209 2603 spatium
1389 2544 1432 2590 5.
1496 2542 1737 2587 Scribendi
1786 2540 1984 2599 spatium
2037 2540 2094 2582 ad

363 2616 421 2659 ad
460 2631 553 2658 rem
596 2617 849 2660 accuratius
890 2617 1210 2674 perficiendam
1246 2631 1339 2660 rem
1363 2619 1570 2659 accurate
1589 2613 1911 2672 perficiendam
1933 2627 1958 2654 a
1980 2612 2094 2653 Rec-

364 2687 553 2744 expetit,
602 2688 661 2742 is,
706 2688 839 2731 modo
883 2704 940 2731 ne
982 2688 1142 2746 pedem
1188 2704 1211 2730 e
1248 2692 1344 2730 tore
1376 2686 1692 2740 constituatur,
1724 2683 1857 2727 modo
1878 2684 1999 2726 ultra
2021 2697 2093 2724 oc-

364 2758 516 2801 schola
546 2760 719 2813 efferat,
759 2775 905 2816 neque
936 2760 1057 2803 ultra
1089 2775 1211 2802 occa·
1249 2773 1402 2801 casum
1435 2757 1541 2800 solis
1572 2772 1664 2799 non
1694 2759 1980 2813 prorogetur3
2022 2769 2096 2795 ex-
2152 2784 2153 2794 ,

364 2845 460 2873 sum
483 2830 589 2872 solis
614 2836 791 2887 tempus
810 2836 1036 2888 proroget,
1060 2845 1212 2887 quam·
1249 2828 1423 2886 pediret
1453 2832 1627 2881 autem,
1659 2830 1712 2869 ut
1744 2826 1865 2868 ultra
1896 2824 2095 2880 quinque

367 2902 444 2944 diu
477 2901 674 2944 voluerit
704 2906 895 2944 maneat.
1250 2900 1322 2942 vel
1353 2915 1428 2942 sex
1468 2899 1599 2941 horas
1642 2912 1733 2939 non
1765 2894 2094 2938 extenderetur.

512 2973 557 3019 6.
622 2973 759 3015 Suam
793 2972 982 3030 quisque
1021 2971 1304 3028 scriptionem
1355 2973 1559 3013 accurate
1605 2968 1896 3024 descriptam,
1943 2965 2093 3020 aliquo

369 3044 538 3098 addito,
571 3059 659 3100 quo
691 3043 919 3096 maluerit,
967 3043 1117 3097 signo,
1163 3041 1258 3084 sine
1305 3040 1488 3083 nomine
1528 3044 1695 3094 tamen,
1737 3052 1838 3080 cum
1869 3035 2093 3078 discedere

372 3118 509 3171 volet,
544 3115 783 3173 Gymnasii
815 3115 1049 3156 Praefecto
1082 3114 1154 3155 vel
1187 3113 1332 3168 alteri,
1364 3126 1497 3169 quem
1537 3111 1633 3169 ipse
1673 3108 1760 3152 sibi
1796 3105 2092 3161 substituerit,
