2143 3462
200 765 228 788 p.
249 756 309 782 210.

202 1494 228 1517 p.
248 1486 309 1511 211.

195 2990 224 3013 p.
246 2980 308 3006 212.

345 185 428 229 148
516 195 626 231 Ratio
652 194 855 232 studiorum
881 200 919 232 et
943 193 1198 232 institutiones
1223 195 1472 233 scholasticae
1497 186 1691 234 societatis
1717 194 1806 235 Jesu
1829 192 1868 234 11

342 314 595 356 studiorum
623 315 990 372 complexionem,
1023 316 1239 358 Doctores
1272 315 1408 358 etiam
1441 331 1578 371 quam
1610 316 1802 373 optimos
1833 317 1882 359 in
1913 316 2037 359 omni

341 384 578 428 facultate:
621 400 757 440 quare
789 386 845 428 ad
877 401 949 428 eos
981 386 1195 428 mittendi
1226 391 1332 429 sunt
1364 386 1621 442 quicunque
1651 387 1823 444 pollent
1851 388 2035 443 ingenio

341 455 390 496 in
421 471 472 497 ea
501 456 687 498 natione
721 461 799 498 aut
829 457 1085 513 prouincia:
1137 457 1359 513 quaedam
1390 470 1495 498 vero
1534 457 1750 513 primaria
1786 472 1879 499 non
1917 462 2034 513 sunt,

340 541 422 567 nec
452 541 721 582 magnorum
752 532 1077 583 prouentuum:
1130 532 1174 569 et
1204 528 1254 569 in
1285 527 1339 583 ijs
1370 527 1563 584 ipsamet
1594 526 1803 570 fundatio
1834 529 2036 584 postulat

342 597 537 654 separari
586 598 817 654 superiora
868 598 924 640 ab
976 598 1263 640 inferioribus
1315 597 1489 654 studijs,
1540 613 1643 640 cum
1693 598 1893 654 vtrisque
1943 614 2036 642 non

341 672 585 724 suppetant
616 668 807 711 reditus:
863 668 942 724 qui
973 668 1119 710 sicubi
1150 673 1296 711 essent
1326 669 1461 726 paulo
1500 669 1647 725 magis
1687 669 1838 726 opimi,
1877 670 2035 727 ampli-

341 739 484 781 andus
527 739 707 781 videtur
747 754 958 781 numerus
995 739 1372 796 Philosophorum
1425 744 1470 781 et
1511 740 1855 796 Theologorum,
1896 743 1901 794 Ι
1945 755 2032 796 quo

340 810 485 865 magis
527 809 677 852 studia
720 809 938 852 ferueant.
1001 810 1118 852 Nam
1158 812 1196 851 si
1233 810 1499 852 diuidantur
1535 810 1707 852 reditus
1747 811 1804 852 ad
1850 811 2034 853 alendos

338 879 444 921 hinc
474 894 640 936 paucos
671 880 981 934 Humanistas,
1020 880 1127 922 hinc
1163 895 1329 937 paucos
1359 881 1611 937 Theologos
1648 885 1692 923 et
1724 881 2034 939 Philosophos,

337 955 529 1006 Vtraque
561 951 812 993 studiorum
843 966 947 1008 pars
979 966 1162 993 suorum
1192 952 1420 1009 paucitate
1451 952 1676 1008 frigescet.

812 1448 1228 1512 Humanitatis
1272 1449 1550 1512 Doctores

765 1562 885 1611 quos
926 1551 973 1594 et
1011 1547 1178 1611 quales
1218 1562 1325 1595 esse
1366 1550 1604 1611 oporteat.

1075 1665 1189 1729 Cap.
1231 1665 1286 1714 ΙΙ.

483 1756 556 1814 [1.]
589 1756 848 1812 Aegerrime
881 1757 1231 1814 dispensandum
1262 1757 1456 1812 videtur,
1497 1761 1549 1798 vt
1580 1757 1734 1813 aliqui,
1771 1757 1849 1814 qui
1879 1758 2033 1800 Philo-

340 1828 521 1885 sophiae
554 1843 604 1870 ac
625 1828 897 1884 Theologiae
929 1828 1087 1884 alijsve
1109 1828 1349 1871 Societatis
1381 1827 1643 1884 ministerijs
1674 1828 1882 1871 vacaturi
1912 1834 2030 1884 sunt,

340 1913 433 1940 non
456 1899 646 1941 doceant
667 1899 932 1955 aliquandiu
953 1899 1301 1941 Humanitatem
1321 1899 1397 1941 vel
1416 1899 1771 1942 Grammaticam
1790 1900 1839 1941 in
1857 1899 2032 1942 Scholis

338 1970 639 2012 inferioribus.
702 1972 819 2013 Nam
851 1970 996 2027 primo
1028 1970 1065 2011 si
1096 1970 1174 2026 qui
1205 1970 1501 2027 excipiantur,
1535 1970 1718 2012 caeteris
1751 1971 2033 2026 querelarum

339 2046 382 2082 et
413 2042 767 2084 aemulationum
805 2042 1043 2098 praebetur
1095 2041 1289 2086 occasio:
1339 2041 1488 2098 ipsum
1535 2041 1671 2083 etiam
1717 2041 2032 2097 Magisterium

339 2113 674 2155 Grammaticae
707 2113 1026 2166 contemnitur,
1073 2116 1290 2167 tanquam
1323 2111 1413 2154 vile
1444 2111 1619 2168 aliquid
1652 2116 1784 2168 atque
1816 2112 2030 2168 ignobile,

337 2183 374 2224 si
421 2185 478 2225 ab
522 2184 602 2225 illo
650 2185 909 2241 Superiores
956 2183 1157 2225 eximant
1203 2198 1288 2237 eos,
1342 2197 1532 2238 quorum
1584 2183 1911 2225 existimationi
1955 2183 2030 2226 Vel

337 2255 598 2296 auctoritati
617 2256 779 2297 volunt
810 2271 902 2297 esse
934 2255 1201 2297 consultum.
1256 2254 1463 2296 Secundo
1495 2253 1602 2309 quia
1632 2254 1816 2309 linguae
1835 2253 2031 2296 Latinae

337 2340 442 2367 vsus
486 2327 575 2368 late
619 2331 770 2383 patere
800 2327 981 2369 videtur
1012 2326 1061 2367 in
1093 2325 1244 2367 omnia
1274 2324 1525 2366 ministeria
1558 2324 1795 2367 Societatis
1833 2328 2027 2366 nostrae.

337 2395 474 2437 Illum
507 2411 612 2437 vero
645 2397 856 2451 consequi
887 2397 965 2439 vix
998 2402 1197 2454 possunt,
1229 2396 1318 2437 nisi
1351 2395 1429 2452 qui
1449 2395 1804 2437 Grammaticam
1826 2396 1901 2438 vel
1931 2395 2030 2437 lite-

335 2480 406 2507 ras
438 2467 724 2508 humaniores
757 2468 998 2523 aliquando
1033 2468 1301 2509 docuerunt:
1336 2471 1493 2508 contra
1523 2480 1630 2508 Vero
1662 2467 1700 2507 si
1720 2465 1798 2522 qui
1819 2466 1876 2508 ab
1898 2480 2029 2508 onere

337 2536 602 2578 Scholarum
634 2538 855 2579 immunes
888 2539 944 2580 ad
977 2539 1065 2580 alia
1098 2539 1245 2580 officia
1277 2542 1640 2594 promoueantur,
1679 2538 1728 2580 in
1771 2537 1827 2594 ijs
1868 2552 2029 2595 parurn

336 2605 491 2648 decore
514 2608 614 2648 illos
637 2608 806 2649 versari
827 2609 1098 2664 experimur:
1132 2624 1238 2650 nam
1267 2614 1311 2650 et
1333 2609 1681 2651 Concionatores
1702 2623 2029 2665 nonnunquam

339 2684 491 2718 errant
533 2678 579 2718 in
627 2679 986 2733 pronuntiando:
1041 2679 1311 2735 Oonfessarij
1361 2694 1550 2736 quoque,
1603 2680 1641 2721 si
1689 2695 1822 2736 quem
1865 2679 2028 2722 Latine

337 2749 502 2790 debent
523 2749 688 2803 audire,
722 2755 929 2791 aestuant
963 2755 1097 2805 atque
1127 2750 1435 2806 implicantur:
1469 2755 1784 2807 praeterquam
1807 2751 1928 2807 quod
1948 2751 2029 2794 vix

337 2820 565 2862 commode
586 2820 853 2875 intelligunt
876 2821 1064 2862 Patrum
1089 2820 1321 2862 homiliasl
1351 2826 1395 2863 et
1414 2822 1634 2878 Breuiarij
1657 2822 1886 2877 lectiones,
1917 2836 2028 2878 quas

336 2896 487 2932 tamen
520 2891 745 2932 interdum
779 2905 852 2931 603
885 2906 985 2932 cuni
1007 2891 1226 2932 Praelatis
1248 2892 1433 2934 recitare
1458 2893 1696 2949 contingit,
1733 2897 1781 2935 vt
1813 2892 2028 2935 omittan-

337 2967 413 3004 tur
445 2976 613 3003 errores
641 2961 688 3002 in
717 2962 853 3002 Missa
884 2961 1086 3015 legenda.
1140 2962 1291 3004 Tertio
1322 2963 1521 3020 proderit
1548 2964 1554 3020 Ι
1582 2963 1736 3005 eadem
1766 2963 2026 3006 exercitatio

482 3115 493 3134 ¹
516 3115 570 3149 Im
599 3114 698 3158 Orig.
726 3114 955 3159 „homelias.“
