2084 3441
295 177 350 219 74
482 186 592 223 Ratio
619 187 820 224 studiorum
848 192 886 224 et
910 190 1162 225 institutiones
1190 189 1428 224 scholasticae
1454 191 1648 226 Societatis
1674 191 1763 227 Jesu
1787 192 1827 227 II

294 306 449 361 Neque
488 306 649 360 obstat,
695 308 816 363 quod
856 309 904 349 in
942 308 1255 350 Declaratione
1296 307 1463 349 dicitur
1501 308 1562 350 D:
1612 309 1688 363 „Si
1723 310 1829 352 talis
1867 314 1980 352 esset

293 391 441 418 rerum
483 382 625 419 status
663 378 711 419 in
752 379 902 434 aliquo
947 379 1148 433 Collegio
1189 379 1262 420 vel
1302 378 1601 421 Vniuersitate
1641 380 1890 434 Societatis,
1929 385 1982 424 Vt

293 447 487 490 secundo
528 463 703 504 quoque
743 464 861 491 anno
898 449 1109 490 inchoare
1146 448 1307 490 melius
1338 449 1581 503 videretur,
1628 451 1701 492 vel
1744 451 1978 507 aliquanto

198 548 235 559 ‚k
263 522 393 574 .post
425 524 647 574 quartum,
688 519 740 561 de
772 534 988 561 consensu
1017 522 1021 571 1
1052 519 1284 561 Generalis
1313 520 1387 563 vel
1425 520 1724 563 Prouincialis
1755 522 1851 564 fieri
1882 526 1981 579 pot-

292 589 389 641 erit,
422 590 541 644 quod
573 590 717 645 magis
738 590 975 632 conuenire
998 590 1301 646 experimento
1323 591 1661 647 comperietur.“
1694 591 1798 634 Non
1820 593 1982 647 obstat,

292 659 491 715 inquam,
520 666 618 703 tum
651 661 757 716 quia
793 661 918 703 aliud
952 665 1018 702 est
1048 661 1300 716 generalem
1321 661 1467 717 legem
1490 662 1691 718 condere,
1726 663 1851 705 aliud
1880 678 1984 706 cum

291 730 440 786 aliquo
475 731 676 788 Collegio
710 731 979 788 dispensare,
1023 732 1077 774 de
1109 747 1197 788 qua
1230 732 1561 789 dispensatione
1591 733 1839 788 loquuntur
1870 733 1984 775 Con-

291 801 573 844 stitutiones:
607 809 703 844 tum
737 802 843 858 quia
875 802 1052 844 dicunt:
1088 803 1364 858 „Aliquanto
1396 808 1499 860 post
1531 808 1744 860 quartum
1770 806 1981 848 annum.“

293 870 423 920 Quod
454 887 508 913 ex
539 873 810 929 proprietate
839 873 1077 916 verborum
1109 888 1275 931 paucos
1306 874 1535 930 significat
1565 889 1752 930 menseS,
1782 889 1876 917 non
1907 891 1984 918 an-

291 957 402 984 num
432 943 674 999 integrum.

434 1017 472 1058 2.
506 1014 623 1063 Quia
653 1029 759 1057 Vsus
793 1016 982 1072 Oollegij
1015 1017 1213 1059 Romani
1235 1017 1355 1060 vltra
1374 1016 1545 1073 viginti
1566 1021 1666 1059 octo
1699 1030 1840 1060 annos
1871 1017 1981 1060 satis

291 1084 460 1139 docuit,
494 1090 687 1141 quatuor
717 1101 858 1129 annos
889 1087 1087 1130 sufficere
1125 1087 1262 1130 etiam
1301 1087 1358 1130 ad
1396 1087 1626 1130 doctrinae
1665 1088 1978 1131 excellentiam

291 1156 638 1212 comparandam
669 1157 835 1199 nostris
866 1158 1159 1214 auditoribus,
1191 1159 1228 1201 si
1258 1159 1443 1215 ingenio
1474 1174 1568 1201 non
1599 1163 1794 1216 careant,
1828 1159 1983 1216 quales

290 1227 425 1269 multi
456 1242 509 1269 ex
543 1228 746 1284 Collegio
778 1230 985 1272 Romano
1016 1245 1095 1287 per
1125 1230 1206 1273 hos
1238 1245 1379 1273 annos
1409 1230 1626 1288 prodiere.

431 1301 471 1343 3.
505 1298 555 1341 Si
587 1300 772 1356 quintus
804 1316 948 1343 annus
987 1301 1260 1357 conceditur,
1300 1302 1435 1360 paulo
1471 1306 1573 1359 post
1610 1305 1767 1359 petent
1805 1305 1851 1344 et
1887 1315 1982 1344 sex-

291 1373 409 1423 tum3
442 1373 548 1412 sunt
577 1371 696 1412 enim
728 1376 1032 1429 praeceptores
1061 1373 1110 1415 in
1141 1373 1233 1415 suis
1263 1373 1465 1416 inuentis
1496 1372 1824 1430 amplificandis
1852 1376 1984 1415 natu-

289 1441 444 1483 raliter
473 1441 660 1498 profusi,
693 1447 738 1484 et
769 1444 986 1501 ampliato
1027 1448 1228 1501 tempore
1264 1444 1314 1486 in
1355 1444 1524 1499 multis,
1565 1444 1807 1502 plusquam
1850 1458 1981 1501 opor-

289 1517 368 1567 tet,
399 1513 558 1556 volent
585 1514 765 1569 morari,
793 1515 1018 1571 congestis
1038 1511 1239 1572 undique
1259 1515 1461 1573 materijs
1492 1515 1550 1558 ad
1572 1530 1675 1558 suas
1702 1514 1983 1571 quaestiones

288 1584 642 1642 locupletandas.
706 1585 853 1636 Quare
882 1587 1023 1629 iretur
1040 1588 1090 1629 in
1109 1587 1365 1629 infinitum:
1391 1590 1657 1643 argumento
1679 1591 1746 1628 est
1766 1586 1982 1629 Eborens.

290 1655 556 1712 Collegium,
581 1661 845 1700 contentum
869 1658 1112 1715 aliquando
1134 1658 1445 1714 quadriennio,
1469 1661 1513 1700 et
1540 1657 1716 1701 duobus
1740 1657 1984 1700 Scholasti-

290 1726 353 1769 cis
383 1727 679 1771 Doctoribus:
713 1728 873 1772 deinde
906 1729 963 1772 ad
991 1730 1254 1787 ampliorem
1284 1729 1565 1786 splendorem
1596 1729 1778 1772 additus
1806 1733 1872 1771 est
1897 1732 1984 1771 ter-

289 1798 379 1840 tius
411 1799 581 1842 Doctor
621 1800 943 1843 Scholasticus:
989 1805 1088 1843 tum
1128 1801 1311 1843 extendi
1349 1801 1497 1858 coepit
1534 1800 1807 1857 Theologiae
1847 1800 1986 1843 curri-

289 1870 440 1912 culum
485 1871 534 1913 in
580 1876 755 1928 partem
802 1872 954 1928 quinti
993 1873 1120 1927 anni;
1167 1887 1288 1916 nunc
1326 1872 1560 1928 integrum
1607 1875 1770 1930 petunt
1815 1885 1987 1915 annum

292 1941 518 1998 quintum.

430 2017 470 2057 4.
505 2014 555 2056 Si
585 2014 634 2056 in
673 2014 1037 2071 quinquennium
1068 2015 1317 2072 Theologia
1355 2014 1633 2070 extrahatur,
1678 2014 1753 2058 vel
1790 2018 1889 2056 toto
1934 2028 1985 2057 eo

288 2089 486 2142 tempore
518 2086 704 2128 audient
734 2087 893 2142 nostri,
926 2087 1001 2129 vel
1028 2101 1134 2129 non.
1197 2086 1246 2129 Si
1279 2086 1477 2142 audient,
1509 2086 1625 2129 nihil
1655 2085 1987 2129 incommodius

289 2156 516 2212 Societati,
557 2162 656 2200 tum
694 2162 880 2215 propter
918 2157 1138 2201 iacturam
1178 2173 1390 2214 magnam
1421 2157 1710 2213 valetudiniS,
1750 2172 1864 2214 quae
1907 2157 1986 2200 vix

289 2227 454 2270 sufficit
486 2229 795 2284 quadriennio,
829 2230 1091 2286 praesertim
1112 2229 1424 2287 Transalpinis
1455 2229 1504 2271 in
1535 2229 1670 2271 Italia
1702 2229 1984 2284 degentibus,

262 2303 386 2342 ‚tum
421 2301 426 2355 1
462 2304 644 2357 propter
681 2301 870 2357 longum
909 2301 1111 2343 taedium
1153 2315 1307 2343 eorum
1345 2301 1497 2356 etiam,
1547 2301 1624 2357 qui
1662 2300 1775 2342 bene
1814 2300 1983 2355 valent,

288 2375 387 2412 tum
426 2371 533 2426 quia
576 2371 632 2413 ob
672 2372 906 2429 penuriam
947 2372 1252 2429 operariorum
1283 2372 1363 2415 vix
1408 2376 1602 2428 quatuor
1641 2386 1782 2414 annos
1820 2371 1985 2414 habere

288 2447 487 2498 possunt,
520 2457 602 2485 nec
633 2443 797 2485 habere
827 2448 1041 2501 poterunt
1072 2448 1294 2486 crescente
1327 2443 1532 2500 quotidie
1554 2456 1739 2486 numero
1763 2442 1986 2498 Collegio-

288 2527 401 2567 rum,
450 2518 494 2555 et
533 2514 690 2556 multis
729 2515 821 2557 iam
861 2515 1208 2570 senescentibus,
1256 2520 1353 2557 tum
1393 2514 1499 2571 quia
1537 2518 1603 2556 est
1639 2517 1816 2571 praeter
1853 2528 1985 2556 Vsum

289 2584 489 2626 omnium
519 2585 879 2642 Academiarum,
913 2591 1099 2644 excepta
1131 2587 1226 2629 sola
1255 2586 1448 2628 fortasse
1470 2583 1838 2629 Conimbricensi.
1903 2584 1985 2626 Sin

288 2659 480 2710 quatuor
511 2661 690 2698 tantum
723 2658 853 2699 annis
886 2657 1075 2701 audiant
1107 2657 1310 2712 studiosi,
1349 2658 1667 2713 Praeceptores
1698 2669 1804 2698 vero
1836 2655 1982 2698 Theo-

285 2726 456 2783 logicas
489 2729 773 2783 quaestiones
804 2729 1061 2786 partiantur
1092 2729 1141 2771 in
1174 2728 1374 2785 quinque
1396 2742 1550 2783 annos,
1583 2727 1841 2784 frequenter
1870 2727 1984 2770 acci—

286 2797 363 2839 det
394 2798 564 2855 priuari
597 2799 823 2842 auditores
854 2799 1078 2857 primarijs
1112 2800 1288 2856 aliquot
1319 2798 1531 2855 materijs,
1567 2813 1677 2855 quas
1708 2813 1786 2856 per
1816 2813 1861 2840 se
1891 2812 1984 2841 non

286 2869 382 2911 sine
414 2883 580 2925 magno
612 2870 776 2924 labore,
808 2872 937 2928 copia
958 2871 1177 2913 librorum
1197 2875 1242 2912 et
1261 2870 1353 2913 otio
1375 2874 1564 2928 possunt
1585 2870 1811 2926 consequi,
1845 2869 1983 2912 etiam

287 2940 469 2996 egregio
509 2940 587 2996 qui
631 2941 723 2982 sint
765 2941 964 2997 ingenio,
1014 2942 1103 2984 nisi
1143 2942 1363 2999 priuatim
1392 2942 1631 2984 rescribere
1663 2941 1821 2996 velint,
1868 2955 1983 2998 quae

287 3011 362 3068 alij
397 3012 621 3054 audiendo
655 3018 947 3069 exceperunt:
990 3013 1038 3055 id
1076 3013 1197 3069 quod
1239 3013 1385 3055 multo
1420 3013 1687 3056 laboriosius
1725 3017 1804 3068 est,
1846 3028 1981 3070 quam

286 3083 442 3125 audire
471 3083 520 3126 in
550 3083 726 3126 scholis.
789 3084 892 3126 Huc
924 3083 1109 3139 accedit,
1141 3083 1298 3141 paucis
1329 3084 1540 3142 exceptis,
1574 3083 1652 3141 qui
1684 3083 1982 3140 designantur
