2143 3462
311 193 398 235 284

500 203 613 238 Ratio
640 203 843 238 studiorum
870 206 907 237 et
932 202 1197 238 institutiones
1223 203 1465 239 scholasticae
1492 204 1691 240 Societatis
1716 204 1807 240 Jesu
1832 206 1871 240 II

44 319 161 351 Quibus
181 319 291 345 actibus

54 355 103 386 qui
126 356 276 380 intersint.

454 320 531 367 25.
596 321 818 376 Theologi
855 336 947 364 non
994 321 1128 364 modo
1176 321 1425 377 auditores,
1464 322 1541 364 sed
1579 324 1718 365 etiam
1757 323 2048 378 Professores,

310 396 435 433 curet
452 392 728 447 Praefectus,
761 397 812 435 ut
827 393 1040 435 intersint
1063 392 1239 434 actibus
1254 392 1538 448 Theologicis
1561 398 1697 449 atque
1715 394 1826 436 adeo
1843 394 2049 437 Philoso-

309 461 467 517 phicis,
501 467 546 505 et
576 463 646 505 his
676 463 964 520 Philosophi;
998 468 1043 505 et
1064 463 1340 505 Professores
1364 464 1547 519 quidem
1569 464 1929 521 argumentando
1964 467 2050 519 (ur-

309 533 497 588 gend0¹)
531 534 791 577 alacriorem
825 539 868 577 et
900 535 1214 577 solemniorem
1253 535 1446 577 reddant
1482 535 1856 592 disputationem,
1898 536 2050 578 adesse

310 604 446 645 etiam
478 619 631 647 omnes
664 606 908 659 debebunt,
948 621 1049 647 cum
1081 606 1393 662 Magisterium
1433 606 1518 647 erit
1554 607 1628 648 vel
1659 607 1933 649 Doctoratus
1970 607 2050 648 ali-

309 675 406 716 cui2
427 676 745 731 conferendus3
780 692 867 733 quo
889 677 937 718 in
959 691 1120 733 genere
1143 677 1252 732 quid
1268 677 1556 720 Praefectum
1579 682 1806 735 praestare
1829 682 2048 735 oporteat,

309 745 517 789 Rectoris
548 748 634 789 erit
666 747 978 804 praescribere.

452 816 532 864 26.
596 819 709 861 Cum
740 819 886 861 nostri
917 824 1140 861 vocantur
1182 819 1238 862 ad
1278 819 1602 877 disputandum
1643 821 1699 863 ab
1731 821 1941 876 externiS,
1974 821 2048 864 vel

310 888 368 930 ad
400 889 607 945 publicas
639 889 908 931 Academias
939 890 1012 932 vel
1051 890 1109 932 ad
1147 890 1463 947 religiosorum
1496 892 1773 947 Conventus,
1805 892 1839 934 ii
1870 892 2049 949 potissi-

308 973 433 1002 mum
474 960 688 1002 mittendi
727 965 877 1015 erunt,
917 961 994 1017 qui
1035 961 1270 1004 biennium
1308 962 1480 1005 habent
1512 963 1569 1004 ad
1600 963 1897 1019 Theologiam
1929 978 2049 1006 reco-

309 1031 505 1074 leudam.

451 1101 521 1148 27.
583 1103 644 1144 Et
690 1103 856 1145 nostris
902 1108 948 1145 et
988 1104 1199 1146 Alumnis
1237 1109 1281 1147 et
1321 1105 1517 1147 externis
1556 1120 1638 1162 per
1674 1105 1919 1161 Magistros
1957 1121 2049 1148 non

308 1172 441 1215 modo
463 1174 686 1216 rationem
710 1174 934 1229 studendi,
955 1176 1201 1232 repetendi,
1223 1176 1486 1233 disputandi
1507 1176 1794 1234 praescribat,
1816 1177 1892 1219 sed
1910 1177 2048 1220 etiam

308 1258 438 1286 omne
470 1249 647 1302 tempus
678 1246 744 1288 ita
776 1246 1034 1301 distribuat,
1067 1251 1119 1289 ut
1149 1247 1318 1304 privati
1347 1248 1489 1290 studii
1519 1247 1651 1290 horas
1682 1248 1791 1290 bene
1813 1249 2047 1292 collocent.

71 815 128 847 Qui
149 816 183 839 ad
206 823 288 844 argu—

68 852 259 876 mentundnm

97 887 247 914 mittendi.

52 1101 279 1125 Praescribenda

43 1137 182 1161 studendi
205 1137 287 1163 ratio.

42 1338 287 1370 Recognoscendn

61 1382 133 1406 quae
155 1375 270 1405 publice

81 1411 251 1435 rvcitantur.

451 1339 528 1386 28.
591 1341 719 1383 Nihil
751 1341 942 1398 publice,
977 1341 1101 1384 domi
1131 1343 1298 1386 forisve
1328 1343 1513 1385 recitari
1534 1343 1748 1400 patiatur,
1781 1344 1855 1386 vel
1887 1344 1943 1386 ab
1976 1344 2045 1399 iis,

309 1411 387 1466 qui
420 1411 475 1453 ad
507 1412 674 1467 gradus
705 1418 1042 1469 promoventur,
1075 1414 1147 1456 vel
1179 1414 1236 1456 ab
1268 1414 1346 1469 iis,
1385 1415 1463 1470 qui
1504 1418 1631 1456 actus
1663 1418 1762 1457 tum
1794 1415 2048 1470 generales³

307 1486 406 1524 tum
437 1484 732 1540 particulares
762 1484 953 1540 habent,
986 1485 1059 1528 vel
1092 1500 1118 1528 a
1149 1485 1422 1528 Rhetoricae
1453 1485 1772 1540 auditoribus4,
1806 1486 1926 1542 quod
1955 1501 2047 1529 non

306 1553 401 1611 ipse
432 1555 700 1612 tempestive
731 1557 1047 1612 recognoverit
1079 1560 1124 1598 et
1157 1556 1490 1613 approbaverit.

97 1637 253 1661 Librorum

109 1673 239 1697 ‹1vloctus
261 1676 288 1697 Μ
454 1637 534 1684 29.
597 1640 748 1695 Curet,
771 1655 828 1682 ne
850 1639 1107 1683 scholastici
1127 1639 1256 1682 libris
1279 1644 1360 1683 aut
1377 1640 1569 1682 utilibus
1586 1644 1781 1695 careant,
1806 1644 1886 1682 aut
1907 1639 2048 1683 abun-

139 1709 232 1740 ⁰0P³²¹·
308 1708 415 1750 dent
436 1709 689 1753 inutilibus.
738 1711 886 1761 Quare
902 1716 1078 1754 mature
1094 1711 1280 1753 Rectori
1300 1716 1531 1768 suggerat,
1551 1727 1608 1753 ne
1626 1711 1858 1766 librorum,
1883 1711 2047 1767 quibus

306 1779 355 1821 in
389 1780 483 1822 dies
513 1782 700 1838 utimur,
732 1787 811 1825 aut
848 1783 1104 1840 proximum
1144 1782 1193 1824 in
1232 1797 1402 1824 annum
1441 1783 1567 1825 usuri
1609 1786 1715 1825 sunt
1758 1787 1857 1825 tum
1901 1782 2049 1825 nostri

305 1855 403 1894 tum
435 1854 622 1908 externi,
657 1854 785 1911 copia
817 1854 1104 1897 desideretur.
1168 1854 1337 1909 (Const.
1371 1870 1414 1909 p.
1447 1858 1486 1899 4.
1521 1869 1557 1896 e.
1590 1857 1630 1899 6.
1663 1869 1708 1896 n.
1742 1856 1799 1908 7.)

450 1936 529 1983 30.
594 1937 870 1994 Theologiae
910 1952 961 1979 ac
1003 1936 1324 1993 Philosophiae
1367 1936 1651 1979 auditoribus
1688 1951 1780 1978 non
1821 1935 2048 1992 quoslibet

306 2007 382 2049 sed
417 2013 560 2050 certos
594 2009 826 2065 quosdam,
858 2009 1050 2051 Rectore
1076 2008 1269 2063 conscio,
1304 2023 1358 2050 ex
1378 2008 1704 2064 Magistrorum
1736 2007 1923 2050 consilio
1944 2022 2048 2050 con-

307 2079 436 2122 cedat
467 2080 626 2122 libros:

23 1921 79 1954 Qui
97 1922 166 1946 libri
180 1923 286 1954 quibus

57 1958 271 1983 distribuendi.

306 2166 364 2192 sc.
402 2156 579 2208 praeter
615 2166 838 2194 summam
879 2151 924 2195 S.
957 2150 1157 2193 Thomae

305 2222 547 2279 Theologis
576 2228 620 2265 et
640 2223 933 2266 Aristotelem
955 2222 1158 2265 Philoso-

305 2293 420 2350 phis,
454 2295 826 2336 commentarium
865 2294 1063 2350 aliquem
1097 2309 1159 2335 se-

306 2365 485 2420 lectum,
522 2381 653 2422 quem
676 2366 855 2423 privato
885 2365 1033 2408 studio
1057 2379 1161 2407 con-

308 2436 450 2477 sulere
471 2436 657 2492 possint.
704 2436 1025 2478 Tridentinum
1043 2437 1159 2477 Con-

308 2507 463 2548 cilium
503 2522 657 2549 omnes
694 2507 913 2563 Theologi
959 2507 1160 2549 habeant

308 2582 352 2619 et
396 2578 648 2620 Bibliorum
690 2579 924 2630 volumen,
969 2592 1157 2633 quorum

307 2649 439 2691 lectio
456 2649 514 2691 sit
529 2649 620 2690 illis
641 2649 891 2691 familiaris.
926 2657 1002 2690 An
1021 2650 1158 2691 etiam

309 2720 505 2776 aliquem
545 2735 598 2761 ex
636 2720 851 2762 Patribus
889 2720 1052 2762 habere
1085 2719 1159 2761 de-

308 2791 464 2844 beant,
510 2806 610 2832 cum
650 2791 842 2832 Rectore
891 2791 1156 2833 consideret.

307 2861 549 2918 Theologis
587 2866 817 2918 praeterea
865 2877 916 2903 ac
956 2861 1159 2903 Philoso-

308 2933 409 2991 phis
442 2931 651 2975 omnibus
682 2932 850 2974 librum
883 2932 1078 2988 aliquem
1102 2932 1159 2974 ad

456 3054 466 3072 ¹
498 3062 552 3096 pr.
579 3056 617 3086 et
645 3053 734 3086 1832
761 3062 829 3086 0111.
856 3051 1077 3095 „urgendfffl

455 3112 468 3133 ²
493 3122 545 3162 pr.
573 3118 610 3148 et
638 3112 747 3148 1832:
774 3111 811 3146 in
837 3111 1006 3157 aliquem.

1198 2166 1257 2193 sc.
1289 2150 1514 2207 theologis
1544 2155 1720 2207 praeter
1748 2154 1977 2192 auctorem
1999 2150 2047 2191 in

1199 2222 1364 2264 scholis
1414 2221 1766 2278 praelegendum
1814 2222 2048 2264 Summam

1200 2294 1243 2336 S.
1271 2293 1471 2335 Thomae
1503 2298 1548 2334 et
1580 2293 1951 2335 commentarium
1975 2292 2048 2334 vel

1199 2364 1339 2406 alium
1358 2368 1584 2406 auctorem
1603 2364 1839 2419 selectum3
1859 2364 2044 2406 Triden-

1198 2435 1345 2477 tinum
1378 2435 1487 2477 item
1520 2435 1764 2477 concilium
1796 2439 1841 2477 et
1872 2435 2047 2477 Biblio-

1196 2521 1296 2549 rum
1328 2507 1557 2560 volumen,
1600 2521 1792 2562 quorum
1823 2505 1957 2548 lectio
1989 2506 2048 2548 sit

1197 2577 1288 2619 illis
1305 2577 1555 2619 familiaris
1604 2578 1677 2619 An
1693 2578 1833 2619 etiam
1850 2578 2047 2633 aliquem

1196 2664 1248 2690 ex
1282 2648 1495 2690 Patribus
1528 2653 1607 2690 aut
1638 2648 1864 2691 historicis
1885 2648 2049 2690 habere

1197 2720 1404 2773 debeant,
1438 2734 1540 2761 cum
1560 2721 1752 2762 Rectore
1782 2719 2046 2764 consideret.

1196 2790 1483 2847 Philosophis
1494 2805 1615 2845 vero,
1630 2795 1806 2848 praeter
1820 2794 2046 2832 auctorem

1197 2862 1528 2916 scholasticum,
1552 2862 1693 2904 alium
1714 2862 1956 2919 probatum
1976 2875 2045 2904 as-

1197 2932 1367 2988 signet,
1416 2933 1454 2974 si
1500 2933 1742 2975 videbitur.
1804 2932 2046 2989 Theologis

1196 3050 1209 3069 ²
1233 3061 1285 3094 pr.
1312 3062 1380 3085 om.
1407 3056 1485 3086 tum
1512 3052 1714 3096 generales

1200 3110 1214 3129 ⁴
1240 3121 1285 3146 m.
1311 3110 1532 3149 Rhetoricis.
