2143 3462
236 1620 265 1643 p,
279 1611 339 1637 249.

239 2350 266 2372 p.
279 2342 341 2366 250.

363 180 445 221 170
537 191 648 226 Ratio
676 191 879 226 studiorum
904 196 943 227 et
968 193 1218 228 institutiones
1244 193 1484 228 scholasticae
1510 194 1703 229 Societatis
1729 195 1819 230 Jesu
1844 196 1882 230 Π

359 312 403 351 et
432 312 484 351 vt
514 308 710 351 maxime
739 309 953 352 recedant
983 310 1040 352 ab
1074 310 1248 367 aliquot
1279 310 1529 366 haereticiS,
1562 311 1642 367 qui
1671 311 1878 368 linguam
1910 313 2050 355 etiam

360 381 573 423 Latinam
619 381 803 423 student
846 397 966 424 nunc
1011 382 1188 424 abolere
1232 383 1288 425 ad
1334 382 1679 440 praecidendam
1725 397 1901 426 omnem
1948 399 2050 426 cum

359 452 606 495 Catholicis
638 453 910 496 societatem.
960 455 1016 496 In
1048 455 1231 496 caeteris
1261 453 1514 510 Prouincijs
1534 453 1621 495 hoc
1651 453 1809 509 iugum
1831 454 1911 497 vix
1940 455 2050 497 tole-

357 524 499 566 rabile
530 524 713 567 videtur
744 529 925 581 propter
963 524 1276 567 difficultatem
1307 525 1471 567 Latine
1508 524 1754 580 loquendi,¹
1792 540 1893 567 cum
1924 540 2049 582 prae-

358 597 510 638 sertim
540 612 632 639 non
664 597 813 639 minus
843 601 1005 651 egeant
1036 596 1220 652 linguae
1250 596 1422 653 patriae
1454 596 1614 652 peritia
1644 610 1723 652 pro
1747 597 2051 652 concionibus,

358 683 438 724 pro
471 668 838 721 confessionibus,
871 683 952 724 pro
985 668 1143 722 literis,
1175 682 1256 724 pro
1288 667 1517 709 communi
1548 667 1670 710 vitae
1715 668 2050 714 consuetudine.

358 738 484 781 Idem
516 739 570 781 de
602 739 864 795 Seminarijs
897 739 1232 782 Conuictorum.

501 814 539 855 8.
574 811 877 853 Scholasticae
907 810 1091 852 tandem
1123 810 1464 853 exercitationes
1485 824 1572 865 quo
1604 808 1924 852 fructuosiores
1947 811 2051 866 sint,

359 882 464 923 dum
488 882 593 924 illae
612 882 742 936 fiunt,
767 881 1001 924 silentium
1023 885 1067 924 et
1089 882 1388 924 attentionem
1407 896 1648 938 puerorum
1668 896 1817 923 seuere
1836 882 2054 937 Magister

358 954 523 1009 exigat.
586 954 741 1008 Neque
772 968 880 996 vero
913 968 985 995 eos
1017 953 1175 1007 solum,
1208 953 1316 995 dum
1336 953 1384 994 in
1401 952 1553 995 schola
1572 955 1690 1007 sunt,
1727 956 1944 1007 exerceat,
1977 954 2055 996 sed

359 1024 532 1080 aliquid
570 1025 706 1066 etiam
744 1024 969 1081 imponat,
1008 1039 1097 1079 quo
1136 1026 1411 1080 occupentur
1448 1023 1496 1064 in
1527 1023 1693 1078 FestiS,
1725 1024 1985 1080 praesertim
2017 1025 2055 1066 si

358 1097 489 1152 plura
519 1096 624 1138 sint.
686 1098 826 1139 Porro
859 1111 960 1138 cum
993 1094 1351 1138 Constitutiones
1388 1094 1659 1151 significent,
1691 1095 2054 1138 distribuendum

358 1183 449 1209 esse
466 1167 763 1210 Auditoribus
779 1167 944 1210 nostris
962 1167 1174 1209 diurnum
1189 1170 1379 1222 tempUS,
1398 1170 1451 1209 vt
1466 1166 1580 1209 illud
1597 1167 1853 1223 expendant
1868 1167 2054 1222 vtiliter,

359 1239 577 1294 Magister
608 1240 813 1282 consulto
844 1238 1077 1281 Praefecto
1108 1237 1175 1279 ita
1196 1237 1362 1279 nostris
1384 1237 1561 1280 diuidat
1583 1253 1633 1281 ac
1654 1238 1865 1295 disponat
1886 1239 2055 1295 privati

359 1310 496 1366 studij
529 1310 674 1365 horas,
706 1315 758 1353 vt
778 1311 990 1364 maximo,
1025 1323 1113 1366 quo
1134 1309 1231 1351 fieri
1247 1312 1410 1365 potest,
1443 1310 1708 1366 compendio
1729 1310 2054 1367 expendantur.

359 1382 578 1425 Creentur
598 1383 731 1424 etiam
754 1382 1038 1435 Visitatores,
1069 1396 1181 1437 quos
1204 1395 1295 1423 esse
1316 1380 1476 1423 iubent
1497 1381 1856 1424 Constitutiones
1873 1383 1998 1425 Part.
2015 1385 2056 1426 4.

359 1453 466 1509 Cap.
500 1456 539 1497 6.
572 1457 598 1507 ξ
630 1455 698 1498 15.
732 1453 788 1495 ad
820 1452 1160 1510 explorandum,
1193 1468 1251 1495 an
1280 1452 1425 1495 nostri
1455 1453 1752 1510 praescriptas
1781 1453 1913 1495 horas
1943 1454 2058 1496 bene

358 1524 591 1567 collocent.
639 1524 899 1567 Videndum
930 1538 1036 1566 vero
1069 1528 1149 1578 est,
1181 1539 1238 1566 ne
1260 1523 1536 1566 Rhetoribus
1567 1524 1718 1566 minus
1740 1524 1914 1567 duabus
1934 1525 2057 1568 horis

360 1595 588 1638 tribuatur
619 1596 676 1638 ad
708 1595 1101 1653 componenjdum:
1135 1595 1423 1638 Humanistis
1455 1609 1561 1637 vero
1592 1595 1708 1637 nihil
1739 1595 1888 1638 minus
1932 1596 2057 1652 hora,

359 1666 602 1709 dummodo
634 1667 804 1723 aliquid
838 1667 976 1709 etiam
1007 1667 1222 1724 temporis
1253 1667 1521 1723 assignetur,
1553 1682 1641 1723 quo
1669 1667 1905 1723 ediscatur,
1936 1683 2058 1725 repe-

359 1742 497 1792 tatur,
510 1739 689 1794 legatur
701 1738 874 1794 aliquid
887 1738 1013 1792 vtile,
1025 1742 1069 1780 et
1083 1738 1241 1780 audita
1250 1743 1642 1794 recognoscantur.
1661 1739 1830 1781 Eadem
1841 1740 2058 1796 temporis

360 1808 524 1850 diuisio
565 1809 909 1866 praescribenda
947 1813 1061 1852 esset
1098 1809 1313 1852 Alumnis
1355 1809 1429 1852 vel
1476 1809 1824 1852 Conuictoribus
1867 1811 2054 1865 nostris;

361 1880 559 1922 externis
591 1880 741 1934 etiam,
775 1880 923 1936 quoad
954 1881 1049 1924 eius
1079 1881 1179 1922 fieri
1209 1884 1376 1937 potest,
1409 1884 1455 1922 et
1486 1895 1635 1923 seuere
1672 1881 1787 1923 ratio
1819 1881 2052 1937 exigatur3

359 1956 411 1993 Vt
441 1952 573 2008 pueri
602 1952 913 1994 deterreantur
943 1952 1091 2008 noxijs
1130 1952 1565 2007 concursationibus,
1605 1953 1867 2009 praesertim
1898 1954 2056 1997 diebus

360 2022 562 2076 aestiuis,
604 2038 707 2065 cum
745 2039 771 2065 a
814 2023 1005 2080 prandio
1042 2024 1237 2066 multum
1275 2027 1342 2065 est
1378 2023 1590 2080 temporis
1633 2028 1738 2066 ante
1778 2025 1974 2080 scholas,
2012 2029 2057 2067 et

361 2094 608 2136 audiuntur
626 2110 705 2151 per
726 2095 891 2136 atrium
909 2095 1164 2137 scholarum
1183 2096 1398 2137 clamores
1420 2099 1464 2137 et
1484 2110 1634 2151 nugae
1655 2095 1704 2137 in
1724 2095 1891 2138 multas
1911 2095 2056 2138 horas.

493 2305 719 2371 Quibus
764 2306 1154 2371 Adiumentis
1198 2306 1667 2371 Adolescentum
1712 2306 1927 2372 Studia

811 2405 871 2454 ad
909 2405 1063 2454 bonas
1102 2409 1230 2455 artes
1270 2404 1595 2469 capessendas

724 2489 927 2538 excitari
966 2493 1109 2553 atque
1147 2489 1438 2537 inflammari
1474 2489 1681 2552 possint.

1086 2607 1201 2671 cap.
1241 2607 1318 2657 vl.

502 2699 573 2751 [1.]
607 2698 720 2740 Suos
752 2700 971 2755 Magister
1003 2701 1196 2756 quilibet
1225 2715 1385 2757 pueros
1422 2699 1586 2741 referat
1617 2699 1667 2741 in
1698 2699 1973 2754 Decurias,
2005 2699 2054 2741 in

359 2784 545 2824 quarum
581 2774 669 2811 tres
702 2775 953 2826 quatuorue
983 2772 1150 2828 primas
1182 2786 1275 2813 non
1304 2771 1393 2813 nisi
1425 2785 1479 2812 ex
1510 2769 1741 2812 doctrinae
1772 2769 2055 2825 diligentiae-

361 2855 445 2895 que
483 2841 799 2896 praerogatiua
837 2842 1164 2884 adsciscantur:
1211 2846 1256 2883 et
1299 2846 1433 2898 provt
1478 2840 1681 2896 quotidie
1721 2855 1848 2882 suam
1885 2840 2055 2896 singuli

360 2925 541 2967 operam
563 2909 869 2967 probauerint,
898 2912 963 2954 ita
982 2913 1056 2954 vel
1079 2927 1210 2955 suum
1232 2916 1447 2954 tueantur
1468 2913 1675 2968 gradum,
1703 2912 1777 2953 vel
1809 2911 1950 2968 aliqui
1979 2912 2053 2955 de-

505 3042 515 3061 ¹
548 3041 638 3075 Hier
663 3041 722 3076 ein
747 3040 957 3076 Nebensatz
983 3041 1285 3076 handschriftlich
1311 3041 1462 3086 getilgt.
1493 3063 1531 3067 -—
1558 3043 1643 3078 Man
1668 3042 1822 3078 beachte
1848 3042 1905 3078 die
1931 3043 2050 3079 Riick-

360 3099 587 3136 sichtnahme
613 3101 678 3135 auf
700 3100 884 3136 Kenntnis
909 3101 974 3135 der
998 3101 1396 3146 Muttersprache.
