2143 3462
395 219 479 261 194
551 229 660 264 Ratio
689 230 893 266 studiorum
919 235 958 265 et
982 230 1236 267 institutiones
1263 231 1505 267 scholasticae
1530 231 1728 268 Societatis
1754 232 1844 269 Jesu
1870 232 1907 268 II

391 346 596 401 quilibet,
629 346 705 389 ille
737 348 982 390 seruandus
1001 354 1067 390 est
1089 365 1318 407 supremae
1341 350 1484 405 classi,
1516 350 1566 392 in
1589 365 1678 407 qua
1690 365 1782 393 non
1803 351 1891 393 nisi
1913 352 2090 395 Tullius

392 417 592 471 legatur,
627 418 705 473 qui
737 418 856 460 solus
888 434 1025 476 prope
1064 419 1175 462 facit
1214 426 1425 463 oratores.
1489 421 1618 463 Prior
1649 435 1754 463 vero
1786 422 1945 478 stylus,
1987 438 2089 466 cum

390 487 449 528 sit
480 487 672 543 facilior,
705 489 752 531 in
785 490 924 532 classe
957 491 1271 534 Humanitatis
1304 491 1542 534 discendus
1561 495 1640 547 est,
1674 506 1756 533 nec
1777 492 1981 548 vitiatur,
2014 493 2090 536 sed

279 592 282 601 .
304 581 368 604 -ιῃη,
390 559 720 617 corlmboratur
750 560 901 617 potius
923 561 1144 603 bonorum
1168 563 1394 604 Autorum
1422 561 1655 616 varietate,
1689 562 1745 604 ad
1768 577 1901 618 quam
1925 563 2092 606 dantur

390 630 590 686 quinque
628 630 784 672 horae:
826 631 873 672 in
907 631 1155 674 Rhetorica
1199 647 1305 675 vero
1345 637 1539 688 quatuor
1578 633 1775 688 circiter,
1816 633 1930 675 duae
1966 638 2091 676 ante-

389 700 679 755 meridianae,
713 701 903 743 totidem
935 703 1290 758 pomeridianae,
1330 708 1381 746 vt
1411 704 1513 760 plus
1544 708 1674 746 vacet
1704 704 1759 746 ad
1793 705 2089 747 exercendum

386 773 569 828 stylum.

605 882 794 930 Divisio
834 883 1064 931 horarum
1103 884 1153 931 in
1194 883 1285 932 hac
1324 883 1652 932 Humanitatis
1693 883 1877 933 Classe.

853 977 989 1026 Hora
1024 978 1184 1042 prima
1221 978 1623 1031 antemeridiana.

527 1069 764 1112 Reddatur
795 1070 1055 1112 memoriter
1085 1071 1146 1112 M.
1177 1070 1366 1125 Tullius,
1399 1075 1444 1112 et
1476 1070 1682 1113 themata
1714 1071 2014 1127 corrigantur,
2046 1077 2092 1115 et

387 1141 493 1196 quia
524 1141 733 1183 recitatio
765 1155 1003 1198 puerorum
1037 1141 1118 1185 vix
1139 1141 1252 1183 solet
1283 1141 1583 1197 quadrantem
1607 1142 1834 1197 excedere,
1865 1142 2090 1199 reliquum

385 1212 519 1254 horae
551 1212 782 1254 tribuatur
813 1212 1143 1267 emendationi,
1176 1226 1265 1268 quo
1296 1212 1356 1254 sit
1379 1213 1650 1268 accuratior3
1685 1228 1788 1256 cum
1819 1228 1912 1256 non
1943 1215 2090 1257 solum

384 1282 498 1324 vitia
530 1282 786 1339 Syntaxeos
827 1283 1096 1339 corrigenda
1133 1283 1245 1338 sint,
1287 1283 1363 1326 sed
1401 1283 1536 1326 etiam
1575 1284 1827 1340 elegantiae
1866 1289 1911 1326 et
1942 1286 2091 1328 cultus

383 1353 500 1395 ratio
534 1353 781 1409 exigenda:
817 1369 1100 1411 quanquam,
1140 1355 1178 1397 si
1218 1354 1328 1410 quid
1359 1355 1573 1412 temporis
1604 1355 1886 1412 superfuerit,
1919 1356 2089 1399 mutuis

385 1424 720 1468 adolescentum
752 1425 1164 1468 concertationibus
1194 1429 1309 1467 esset
1338 1424 1713 1482 impendendum:
1747 1440 1837 1482 qua
1868 1425 1918 1468 in
1948 1441 1995 1469 re
2026 1441 2091 1468 se-

384 1495 560 1538 mihora
593 1497 752 1539 saltem
787 1497 990 1553 quolibet
1023 1497 1212 1540 sabbato
1245 1496 1504 1539 collocetur.

525 1568 760 1611 Scribatur
792 1574 943 1611 autem
976 1568 1024 1611 in
1055 1568 1267 1623 sabbato,
1309 1572 1354 1610 et
1398 1581 1487 1624 quo
1527 1567 1599 1610 die
1638 1571 1839 1624 vacatur,
1873 1568 2086 1624 carmine;

384 1639 540 1681 diebus
572 1639 760 1682 caeteris
793 1639 993 1682 oratione
1026 1640 1187 1693 soluta,
1228 1638 1354 1681 cuius
1387 1642 1707 1695 argumentum
1745 1639 1983 1696 epistolare
2014 1640 2087 1695 sit,

385 1715 428 1752 et
460 1710 599 1752 ferme
631 1711 812 1767 vulgari
843 1711 1004 1767 lingua
1034 1711 1083 1753 in
1114 1711 1305 1753 latinam
1337 1709 1621 1752 vertendum.
1669 1709 1931 1766 Aliquando
1951 1710 2086 1754 etiam

382 1781 525 1838 pridie
558 1782 796 1824 Festorum
828 1782 964 1824 breue
996 1782 1183 1838 aliquod
1214 1785 1534 1837 argumentum
1555 1785 1835 1839 proponatur
1866 1781 2008 1824 latine
2029 1782 2087 1825 ad

382 1853 691 1899 inuentionem
723 1853 1032 1908 exercendam,
1067 1853 1188 1909 quod
1207 1852 1412 1910 proximo
1447 1857 1550 1910 post
1579 1852 1748 1895 festum
1770 1852 1842 1895 die
1861 1853 2089 1908 reddatur,

382 1924 519 1980 idque
552 1924 682 1967 iuxta
714 1924 937 1967 rationem
978 1927 1433 1982 progymnasmatum
1475 1923 1774 1981 Aphthonij.1
1836 1924 1950 1966 Cum
1983 1938 2090 1966 vero

380 1994 582 2037 themata
613 1995 952 2038 scribendorum
993 2009 1206 2038 versuum
1245 1998 1581 2052 proponuntur,
1620 1994 1791 2037 indicet
1821 1995 2091 2052 Praeceptor

384 2066 536 2122 aliqua
567 2067 811 2110 Poetarum
842 2067 953 2121 loca,
988 2081 1102 2123 quae
1133 2065 1305 2108 imitari
1336 2070 1518 2122 possent
1549 2065 1790 2107 auditores

823 2187 1047 2237 Secunda
1084 2189 1205 2237 hora
1243 2186 1643 2235 antemeridiana.

520 2282 784 2338 Explicetur
815 2282 874 2323 M.
908 2281 1084 2323 Tullius
1121 2281 1255 2338 paulo
1295 2280 1416 2321 vltra
1460 2278 1728 2320 semihoram
1760 2283 1804 2321 et
1834 2283 2082 2336 repetatur.
2142 2316 2143 2320 ,

378 2353 611 2394 Pertinent
643 2360 793 2395 autem
826 2353 882 2394 ad
915 2353 1032 2395 hanc
1065 2351 1470 2394 antemeridianam
1516 2349 1717 2391 scholam
1758 2349 1804 2391 hi
1836 2349 1926 2392 fere
1958 2350 2084 2393 libri:

379 2424 607 2466 Ciceronis
628 2424 802 2479 Officia,
835 2424 1028 2477 Laelius,
1064 2424 1187 2478 Cato,
1211 2422 1460 2476 Paradoxa,
1496 2421 1779 2464 Tusculanae
1801 2422 2086 2478 quaestiones

376 2498 555 2550 praeter
587 2495 793 2552 primam,
826 2495 895 2536 De
925 2494 1137 2549 Finibus,
1171 2495 1239 2536 De
1270 2492 1584 2546 Diuinatione,
1626 2497 1671 2534 et
1710 2492 1764 2534 de
1797 2493 1941 2535 Olaris
1974 2493 2083 2535 Ora-

377 2565 564 2619 toribus,
599 2581 699 2608 cum
733 2566 792 2608 sit
824 2566 937 2608 liber
969 2580 1084 2623 pene
1115 2564 1368 2607 historicus

519 2637 791 2693 Explicandi
839 2651 945 2679 vero
993 2636 1122 2691 ratio,
1169 2651 1282 2692 quae
1328 2635 1540 2690 congruit
1586 2635 1693 2677 huic
1739 2635 1936 2690 scholae,
1975 2635 2081 2678 licet

377 2707 618 2763 multiplici
652 2708 941 2763 antiquitatis
973 2723 1023 2749 ac
1055 2722 1204 2749 rerum
1242 2706 1431 2748 scientia
1462 2706 1609 2762 magis
1642 2706 1873 2748 abundare
1906 2706 2078 2760 debeat,

376 2792 511 2833 quam
543 2777 805 2819 inferiorum
839 2777 1067 2819 classium:
1114 2777 1272 2819 modus
1310 2777 1386 2818 ille
1424 2780 1576 2818 tamen
1618 2776 1906 2832 adhibeatur,
1949 2781 2000 2819 vt
2030 2777 2079 2819 id

375 2849 525 2906 potius
557 2849 669 2891 citra
698 2849 791 2902 fiat,
825 2864 960 2904 quam
992 2849 1112 2891 vltra
1144 2847 1515 2890 mediocritatem.
1563 2847 1693 2897 Quod
1727 2851 1878 2890 autem
1912 2847 1969 2890 ad
2002 2847 2078 2890 ob-

524 3015 533 3035 ²
560 3014 882 3059 Aphthonius,
911 3014 1044 3058 griech.
1062 3013 1202 3048 Rhetor
1223 3023 1288 3048 aus
1304 3013 1498 3048 Antiochia
1520 3014 1593 3057 (uni
1618 3015 1687 3048 300
1708 3024 1741 3048 n.
1763 3013 1870 3058 Chr.)‚
1898 3012 2075 3048 versasste

375 3075 434 3110 (lie
463 3075 831 3120 „Progymnafflnata“
861 3074 1104 3118 (Rhetorices)
1132 3072 1188 3107 als
1202 3072 1460 3117 Erweiterung
1474 3072 1538 3107 der
1552 3072 1849 3116 gleichnamigen
1863 3071 1998 3107 Schrift
2011 3072 2074 3106 (les

375 3135 636 3179 Hermogenes.
685 3134 735 3168 Er
763 3132 884 3167 wurde
912 3132 1059 3167 ehedem
1084 3132 1156 3166 viel
1183 3131 1396 3176 gebrancht,
1423 3132 1535 3167 daher
1561 3131 1616 3166 ost
1642 3131 1849 3176 ausgelegt.
