2089 3381
606 149 649 186 R.
676 154 723 186 st.
752 152 852 186 1586.
891 149 1232 185 Commentariolus.
1709 142 1767 184 49

69 271 181 328 quid
231 271 418 313 timetur
462 270 664 327 periculi.
747 269 848 311 Hoc
888 282 995 310 vero
1039 282 1180 323 genus
1228 269 1363 324 longe
1403 269 1583 326 lateque
1625 274 1766 328 patet.

73 343 192 386 Nam
223 342 432 399 primum,
465 341 519 384 de
550 340 713 397 quibus
744 339 793 381 id
823 339 1103 395 intelligitur
1133 338 1399 396 principijs‘?
1460 339 1534 381 An
1565 340 1619 383 de
1651 356 1768 383 com-

72 413 379 456 munissimis?
441 413 505 455 At
534 412 583 454 in
614 411 669 467 ijs
702 410 801 466 quis
834 410 1042 454 aberrat?
1074 424 1168 452 non
1199 409 1299 452 ideo
1331 414 1487 452 tamen
1519 425 1611 453 non
1651 427 1767 454 erra-

77 490 153 528 tur
182 484 232 527 in
261 484 460 540 reliquis.
521 483 596 525 An
627 481 681 523 de
713 480 781 537 ijs,
815 496 929 537 quae
960 480 1152 535 singulis
1182 480 1273 522 fere
1304 481 1439 537 paulo
1482 482 1769 536 grauioribus

71 554 411 612 quaestionibus
442 553 624 611 propria
654 553 788 595 sunt?
849 552 914 595 At
943 552 1054 594 haec
1084 556 1128 594 et
1166 566 1302 608 quam
1345 551 1543 608 plurima
1580 558 1687 595 sunt
1726 559 1771 596 et

67 625 278 668 immixta
311 624 512 680 materijs
544 623 753 666 omnibus
785 623 1069 679 Theologiae,
1102 622 1344 665 leuissimis
1385 623 1656 679 quibusdam
1693 639 1769 667 ex-

71 696 225 754 ceptis.
263 695 437 738 Deinde
466 694 587 751 quod
618 694 801 737 additur
832 694 886 737 de
915 694 1126 752 periculis
1156 694 1428 737 habentibus
1457 694 1507 736 in
1533 709 1579 737 re
1605 694 1768 737 funda-

72 772 290 822 mentum,
321 766 466 809 nihilo
499 766 649 808 minus
681 765 767 808 1100
798 770 935 823 caput
960 780 1248 808 numerosum
1277 769 1355 821 est,
1390 780 1493 808 cum
1512 766 1639 809 nulla
1659 781 1772 823 pene

70 839 134 881 sit
165 837 440 894 Theologiae
472 837 674 893 quaestio
705 837 840 894 paulo
872 837 1068 893 grauior,
1110 837 1160 878 in
1199 851 1288 893 qua
1317 836 1470 879 timeri
1500 852 1594 880 non
1629 838 1772 895 possit

71 910 348 968 periculosus
365 908 528 964 aliquis
548 908 712 966 lapsus,
728 909 804 951 vel
821 908 870 950 in
887 907 1190 962 conclusione,
1214 923 1328 964 quae
1345 908 1615 964 defenditur,
1631 909 1705 951 Vel
1721 909 1771 951 in

73 981 228 1037 aliqua
247 980 607 1038 praemissarum,
635 979 797 1035 quibus
822 979 902 1022 illa
918 980 1147 1037 probatur,
1176 980 1250 1022 vel
1268 980 1318 1021 111
1339 980 1388 1022 vi
1409 981 1770 1037 consequentiae,

71 1053 144 1096 vel
169 1053 220 1095 in
246 1052 380 1095 modo
403 1051 633 1108 loquendi,
662 1051 736 1094 vel
756 1051 805 1093 in
834 1051 986 1107 aliqua
1010 1051 1318 1106 distinctione,
1352 1065 1429 1093 seu
1458 1050 1769 1107 fundamento,

68 1124 190 1181 quod
221 1123 514 1181 supponitur:
560 1137 662 1165 cum
701 1122 967 1180 praesertim
997 1123 1237 1180 pleraeque
1266 1136 1335 1164 res
1366 1122 1433 1164 ita
1462 1137 1604 1165 nexae
1636 1128 1772 1180 atque

71 1194 332 1252 implicatae
363 1194 482 1236 inter
513 1208 557 1236 se
577 1193 681 1248 sint,
714 1196 765 1236 vt
784 1193 1044 1248 nonnullae,
1073 1193 1079 1250 Ι
1109 1207 1221 1249 quae
1242 1193 1413 1236 nullius
1441 1208 1533 1236 esse
1553 1195 1773 1237 momenti
1792 1222 1821 1246 p,
1843 1213 1888 1238 39.

71 1266 299 1321 videntur,
333 1266 371 1307 si
400 1279 495 1307 non
526 1265 753 1322 sapienter
783 1267 1058 1319 statuantur,
1099 1264 1251 1307 obsint
1288 1279 1381 1307 non
1421 1279 1581 1322 parum
1621 1281 1772 1309 rerum

71 1337 336 1394 grauiorum
367 1336 721 1379 definitionibus
786 1335 957 1386 Quodsi
990 1350 1142 1377 omnes
1169 1335 1375 1393 lapsuum
1395 1336 1651 1380 occasiones
1671 1338 1773 1380 tolli

72 1423 165 1451 non
196 1411 399 1465 possunt,
431 1408 655 1450 tollantur
687 1422 824 1464 quam
853 1407 1087 1465 plurimae.
1150 1407 1350 1449 Tametsi
1381 1422 1438 1450 ne
1468 1408 1550 1450 illa
1588 1409 1771 1466 quidem

70 1480 272 1537 pericula
302 1478 579 1535 negligenda
608 1478 837 1533 videntur,
884 1493 1012 1535 quae,
1060 1478 1239 1521 etiamsi
1281 1493 1335 1520 ex
1373 1479 1509 1522 rebus
1539 1481 1649 1539 ipsis
1679 1494 1773 1524 non

72 1555 335 1605 nascantur,
368 1550 566 1593 accidere
596 1554 750 1593 tamen
779 1554 967 1607 possunt
998 1565 1313 1608 saepenumero
1347 1565 1401 1592 ex
1432 1554 1564 1594 tanta
1594 1552 1772 1595 Profes-

76 1637 242 1677 sorum,
275 1635 386 1678 quos
417 1621 554 1664 habet
585 1621 798 1677 Societas,
828 1622 1071 1676 varietate3
1104 1636 1250 1678 neque
1281 1622 1402 1664 enim
1434 1637 1588 1665 omnes
1628 1623 1771 1666 abun-

74 1694 185 1736 dant
216 1693 308 1736 otio
341 1692 399 1735 ad
419 1707 488 1734 res
519 1697 694 1735 mature
726 1692 1168 1750 circumspiciendas3
1209 1696 1255 1734 et
1288 1693 1326 1734 si
1358 1693 1466 1747 otio,
1496 1708 1590 1736 non
1620 1698 1773 1737 tamen

75 1764 207 1822 copia
227 1764 448 1806 librorum
467 1779 475 1818 3
511 1763 548 1806 si
569 1763 712 1819 libris,
733 1777 827 1806 non
847 1763 1052 1820 ingenio,
1085 1766 1130 1805 et
1151 1762 1189 1805 si
1209 1763 1411 1820 ingenio,
1442 1778 1535 1806 non
1556 1765 1773 1808 diuturna

76 1835 263 1878 docendi
297 1835 641 1890 consuetudine,
681 1849 826 1891 neque
862 1850 1036 1892 semper
1072 1834 1244 1877 habent
1276 1850 1387 1891 quos
1420 1836 1660 1878 consulant
1692 1840 1773 1879 aut

76 1910 345 1963 sequantur:
386 1910 431 1948 et
470 1906 509 1949 si
547 1906 730 1961 habent,
772 1921 980 1949 concessa
1017 1910 1171 1948 tamen
1208 1906 1420 1949 libertate
1456 1906 1548 1950 frui
1578 1908 1771 1950 malunt.

73 1978 251 2020 Horum
281 1991 387 2020 vero
417 1977 722 2034 periculorum
751 1977 1008 2020 habendam
1040 1991 1132 2019 esse
1162 1977 1400 2032 rationem,
1434 1979 1543 2020 satis
1576 1978 1775 2021 ostendit

72 2049 121 2091 id
151 2048 273 2105 quod
302 2063 435 2106 saepe
467 2048 674 2091 auditum
706 2052 785 2104 est,
827 2063 930 2091 cum
962 2049 1019 2090 R.
1049 2049 1100 2090 P.
1125 2048 1359 2090 Generalis
1391 2048 1573 2104 diceret,
1613 2064 1773 2107 nempe

78 2121 253 2177 quoties
283 2119 354 2162 illi
383 2120 678 2177 perscribitur
708 2135 763 2162 ex
793 2119 1047 2176 Prouincijs
1079 2120 1133 2162 de
1159 2120 1390 2162 Nostratis
1421 2120 1614 2163 alicuius
1642 2121 1774 2178 lapsu

72 2191 124 2234 in
155 2191 200 2234 S,
222 2190 397 2234 Thema
426 2206 660 2249 perperam
689 2191 1041 2248 interpretando,
1073 2190 1148 2234 vel
1177 2191 1227 2233 in
1258 2191 1375 2234 male
1407 2191 1637 2249 opinando
1669 2192 1774 2234 sim-

73 2261 267 2320 pliciter,
315 2277 361 2304 se
400 2261 526 2305 aliud
563 2266 790 2320 praestare
825 2277 919 2305 non
959 2276 1101 2319 posse,
1135 2277 1283 2318 quam,
1324 2262 1494 2305 auditis
1524 2263 1773 2306 Doctorum

73 2332 287 2389 gravium
325 2332 571 2390 sententijs,
610 2333 866 2388 rescribere,
913 2337 966 2376 vt
1004 2348 1056 2376 ea
1094 2348 1164 2375 res
1203 2337 1486 2388 retractetur,
1524 2334 1614 2390 vel,
1655 2334 1774 2378 sicut

74 2407 267 2461 oportet,
300 2404 563 2461 explicetur.
625 2405 736 2447 Esse
765 2419 872 2448 vero
904 2405 1040 2461 longe
1071 2404 1323 2447 consultius
1353 2405 1531 2462 lapsum
1570 2409 1772 2448 0111301101-

73 2478 183 2529 tere,
217 2478 263 2516 et
293 2475 522 2530 Doctores,
557 2475 636 2532 qui
666 2479 769 2533 post
801 2490 895 2519 non
924 2476 1139 2533 probatae
1177 2475 1409 2518 doctrinae
1447 2476 1773 2519 offendiculum

76 2545 342 2588 consulendi
372 2545 534 2602 forent,
567 2547 711 2590 multo
745 2552 849 2590 ante
882 2551 927 2589 et
956 2547 1006 2589 in
1028 2561 1264 2589 commune
1286 2547 1530 2602 consulere,
1563 2551 1615 2591 vt
1635 2563 1772 2590 1711110-

75 2616 263 2673 quisque
293 2616 526 2660 Professor
557 2618 614 2660 ob
648 2619 798 2661 oculos
829 2618 1008 2673 habeat,
1049 2617 1159 2674 quid
1190 2617 1328 2674 sequi,
1369 2618 1479 2674 quid
1510 2633 1668 2661 cauere
1699 2618 1773 2661 de-

75 2687 195 2743 beat,
239 2688 278 2730 si
314 2702 408 2731 non
443 2689 494 2730 in
529 2689 752 2744 omnibus,
798 2694 845 2732 at
875 2690 925 2732 in
963 2688 1185 2747 plurimis,
1232 2690 1496 2746 praesertim
1527 2689 1576 2732 in
1607 2688 1677 2746 ijs,
1724 2689 1774 2732 in

74 2759 239 2815 quibus
277 2759 416 2802 scitur
458 2759 551 2802 iam
589 2760 834 2817 aliquando
866 2764 1063 2803 erratum
1092 2759 1252 2802 fuisse:
1300 2765 1411 2802 tunc
1441 2760 1561 2802 enim
1599 2760 1668 2802 ita
1705 2774 1774 2801 res

75 2844 178 2872 suas
210 2830 398 2886 quisque
437 2835 689 2888 componet,
728 2847 784 2874 ne
823 2846 1034 2888 quaerere
1074 2835 1264 2887 cogatur
1299 2831 1631 2874 medicamenta
1673 2832 1775 2887 post

75 2901 256 2945 1711111110.

215 2972 449 3014 Hactenus
480 2971 535 3014 de
566 2973 762 3015 secundo
795 2987 974 3029 genere,
1008 2972 1275 3016 accedamus
1308 2973 1367 3016 ad
1385 2972 1585 3027 tertium,
1617 2985 1771 3013 earum
1792 2996 1821 3020 p.
1843 2988 1888 3013 40.

75 3043 358 3101 opinionum,
405 3058 518 3100 quae
564 3049 673 3086 sunt
719 3048 800 3087 aut
847 3045 1065 3099 omnium,
1112 3048 1192 3087 aut
1240 3048 1357 3087 certe
1403 3042 1586 3085 maioris
1635 3041 1777 3098 partis

183 3137 371 3163 Monumeuta
388 3137 564 3163 Germaniae
584 3137 782 3170 Paedagogica
802 3139 826 3163 V
1469 3125 1493 3158 4
