2153 3467
153 319 268 343 Divisio

133 356 284 385 temporis.

353 189 439 232 416

556 197 666 232 Ratio
693 195 896 232 studiorum
923 200 961 231 et
984 194 1240 231 institutiones
1266 194 1507 231 scholasticae
1533 193 1727 230 Societatis
1752 195 1842 230 Jesu
1867 194 1906 230 II

483 316 526 363 2.
589 316 767 359 Divisio
813 315 1029 372 temporis
1075 315 1184 357 haec
1367 313 1411 360 2.
1474 313 1652 355 Divisio
1697 315 1911 370 temporis
1962 315 2074 357 haec

499 388 654 429 Prima
684 386 796 428 hora
837 387 1064 428 matutina
1096 400 1185 427 me·
1224 386 1321 427 erit.
1384 385 1517 427 Mane.
1558 385 1705 426 tribus
1742 384 1900 441 primis
1938 385 2074 427 horae

338 458 523 500 moriter
567 457 784 499 recitetur
823 458 883 499 M.
923 457 1098 498 Tullius
1143 460 1186 497 et
1225 455 1553 512 quadrantibus
1590 455 1848 497 memoriter
1886 456 2074 498 reciten-

340 529 607 571 arsmetrica
620 527 1187 585 apuddecuriones3scrip-
1225 531 1300 569 tur
1336 531 1575 583 praecepta
1621 532 1665 567 et
1713 531 1868 568 auctor
1906 526 2076 569 latinus

339 606 388 642 ta
420 616 445 642 a
484 600 801 642 decurionibus
842 603 1024 656 accepta
1055 599 1188 639 Prae·
1227 598 1345 654 apud
1399 597 1684 651 decuriones,
1736 597 1988 654 scriptaque
2051 613 2077 639 a

339 675 492 728 ceptor
530 671 752 726 corrigat,
794 670 944 712 varias
990 668 1187 714 interim,
1228 669 1545 711 decurionibus
1594 668 1784 710 collecta
1832 673 1877 710 et
1923 683 2075 710 eorum

339 742 393 784 de
441 743 604 798 quibus
650 742 770 783 infra
817 741 973 796 regula
1013 744 1357 797 quarta,!notas
1376 740 1595 795 Magister
1614 744 1920 794 recognoscat.
1969 741 2075 781 Mox

339 388 436 430 erit.

340 813 572 870 discipulis
635 812 981 854 exercitationes
1041 810 1189 866 injun-

340 900 472 940 gens,
507 884 562 926 ad
595 888 847 924 extremum
875 882 1055 939 publice
1077 896 1188 923 non-

339 955 454 997 nulli
472 955 672 1008 recitent,
689 958 733 994 et
744 953 1037 995 decurionum
1054 957 1189 994 notae

341 1042 366 1067 a
393 1026 613 1081 Magistro
646 1028 991 1080 cognoscantur.
1029 1050 1078 1054 -
1115 1024 1191 1066 Se-

341 1097 488 1139 cunda
533 1097 644 1138 hora
689 1095 915 1137 matutina
960 1099 1191 1152 repetatur

341 1172 565 1225 postrema
596 1167 794 1209 breviter
824 1167 1080 1223 praelectio,
1113 1180 1191 1207 no-

342 1254 488 1295 vaque
519 1254 598 1296 per
638 1238 907 1280 semihoram
945 1239 1017 1279 vel
1056 1237 1191 1295 paulo

341 1310 535 1366 amplius
555 1309 818 1366 explicetur,
843 1323 949 1350 mox
970 1308 1191 1364 exigatur,

341 1386 386 1422 et
417 1381 454 1422 si
493 1381 602 1437 quid
645 1380 840 1437 supersit
879 1380 1111 1437 temporis,
1145 1380 1193 1421 in

342 1456 502 1494 mutua
518 1451 839 1509 discipulorum
858 1451 1194 1493 concertatione

340 1528 550 1581 ponatur.
574 1550 626 1555 ——
651 1523 827 1566 Ultima
855 1523 1077 1565 semihora
1108 1522 1194 1564 ini-

340 1596 406 1637 tio
438 1595 572 1652 primi
612 1594 837 1636 semestris
868 1594 1111 1637 historicus
1150 1598 1195 1635 et

345 1681 416 1708 ars
449 1667 636 1708 metrica
668 1665 853 1708 alternis
885 1665 1063 1719 diebus;
1097 1668 1193 1707 arte

342 1752 448 1781 vero
478 1739 665 1780 metrica
697 1737 920 1791 absoluta,
953 1736 1193 1779 historicus

343 1809 544 1866 quotidie
558 1812 863 1867 percurratur3
880 1809 1020 1850 altero
1033 1807 1194 1850 deinde

344 1881 547 1923 semestri
570 1881 790 1938 Cypriani
812 1880 1058 1922 Rhetorica
1087 1894 1195 1936 quo-

345 1953 455 1995 tidie
487 1953 621 1995 modo
654 1952 928 2010 explicetur,
962 1952 1096 1994 modo
1128 1966 1192 1993 re-

345 2024 535 2078 colatur,
568 2028 648 2065 aut
681 2023 950 2080 disputetur.

487 2132 640 2173 Prima
707 2131 818 2173 hora
885 2131 1193 2188 pomeridiana

346 2203 606 2244 memoriter
637 2208 772 2259 poeta
792 2218 1071 2259 graecusque
1091 2218 1193 2245 auc-

345 2280 417 2315 tor
446 2274 679 2329 recitetur,
721 2279 1069 2330 recognoscente
1099 2275 1193 2316 Ma-

345 2345 487 2399 gistro
539 2345 832 2387 decurionum
864 2351 1009 2399 notas,
1058 2345 1194 2402 scrip-

346 2421 500 2470 taque,
543 2417 615 2458 vel
655 2431 768 2473 quae
807 2431 938 2458 mane
974 2416 1195 2473 imperata

347 2491 472 2539 sunt,
509 2486 582 2528 vel
622 2501 736 2542 quae
774 2501 827 2528 ex
871 2486 1004 2529 domo
1044 2486 1193 2529 allatis

348 2556 665 2613 superfuerint,
698 2557 964 2613 corrigente.
1012 2558 1087 2600 Ad
1119 2573 1194 2599 ex-

348 2634 540 2669 tremum
558 2628 710 2670 thema
726 2628 936 2672 dictetur.
949 2655 998 2662 ——
1019 2629 1198 2685 Sesqui-

349 2698 459 2740 hora
490 2713 764 2754 consequens
801 2706 960 2756 poetae
993 2705 1091 2742 tum
1126 2715 1195 2742 re-

350 2769 536 2811 colendo
559 2774 655 2811 tum
688 2770 968 2826 explicando,
1002 2776 1046 2812 et
1069 2786 1197 2826 grae-

349 2855 427 2881 cae
459 2845 556 2881 tum
587 2841 883 2896 praelectioni
922 2846 1016 2883 tum
1058 2842 1195 2899 scrip-

349 2911 465 2952 tioni
496 2926 549 2952 ex
581 2925 722 2966 aequo
754 2912 998 2955 dividatur.

1227 826 1279 853 ex
1296 811 1545 868 praeceptis
1559 811 1731 866 aliquid
1746 810 2003 867 explicetur.
2024 836 2070 841 -w

1228 882 1461 924 Semihora
1493 896 1769 938 consequens
1802 881 2078 937 corrigendis

1227 953 1405 1011 publice
1428 952 1752 1009 scriptionibus
1776 952 2075 1009 impendatur.

1230 1051 1282 1055 —
1317 1024 1481 1066 Tribus
1514 1024 1618 1066 dein
1651 1023 1981 1080 quadrantibus
2012 1038 2078 1064 re-

1227 1100 1405 1153 petatur
1451 1099 1676 1151 postrema
1723 1095 1911 1137 oratoris
1955 1109 2079 1150 prae-

1227 1167 1360 1209 lectio
1376 1172 1419 1208 et
1432 1181 1552 1209 nova
1565 1166 1824 1222 explicetur.
1838 1192 1891 1196 —
1903 1165 2078 1207 Ultima

1229 1237 1452 1280 semihora
1485 1237 1740 1279 accessoriis
1760 1237 1831 1279 vel
1854 1240 2078 1278 concerta-

1229 1309 1344 1351 tioni
1375 1308 1614 1351 tribuatur.

1372 2124 1565 2181 Vespere
1597 2124 1742 2181 prima
1781 2124 1892 2166 hora
1911 2138 2078 2166 memo-

1230 2196 1339 2238 riter
1370 2195 1617 2238 recitentur
1638 2202 1877 2252 praecepta¹
1910 2199 1954 2237 et
1975 2210 2079 2237 auc-

1230 2272 1301 2310 tor
1323 2266 1504 2321 latinus,
1523 2271 1574 2308 ut
1589 2267 1834 2323 plurimum
1850 2271 1995 2323 poeta,
2016 2281 2083 2308 re-

1232 2342 1531 2395 cognoscente
1549 2337 1770 2393 Magistro
1789 2337 2081 2380 decurionum

1231 2416 1383 2463 notas,
1425 2408 1680 2465 scriptaque
1721 2409 1793 2452 vel
1837 2423 1967 2450 inane
2000 2409 2082 2450 im-

1233 2484 1405 2538 perata,
1438 2479 1510 2522 vel
1545 2494 1658 2536 quae
1681 2494 1735 2521 ex
1767 2479 1899 2522 domo
1932 2479 2082 2521 allatis

1235 2550 1554 2608 superfuerint,
1587 2550 1851 2606 corrigente.
1903 2549 1976 2592 Ad
2008 2565 2082 2592 ex-

1236 2627 1430 2664 tremum
1457 2625 1693 2678 praecepta
1725 2620 2007 2677 explicentur
2038 2624 2082 2661 et

1235 2696 1511 2750 repetantur.
1532 2718 1585 2723 —
1605 2692 1814 2734 Secunda
1825 2692 1934 2734 hora
1948 2695 2082 2747 poeta

1233 2763 1402 2806 latinus
1434 2767 1480 2805 et
1510 2762 1697 2805 alternis
1730 2762 1886 2805 diebus
1925 2766 2083 2804 auctor

1234 2834 1500 2877 vernaculus
1533 2839 1577 2876 et
1595 2848 1783 2889 graecus
1816 2833 2082 2891 explanetur

1234 2919 1285 2947 ac
1310 2905 1550 2959 recolatur3
1571 2904 1675 2946 dein
1699 2904 1850 2947 thema
1874 2903 2081 2945 dictetur.

1235 3002 1286 3006 —
1324 2976 1499 3018 Ultima
1516 2976 1740 3017 semihora
1760 2974 2082 3016 concertationi

1204 3047 1303 3092 vel
1338 3046 1592 3088 accessoriis
1632 3045 1869 3088 tribuatur.
