2084 3441
167 376 173 381 .
196 358 238 383 50.

260 138 316 181 56
430 147 541 183 Ratio
568 147 772 183 studiorum
798 151 836 182 et
860 147 1116 183 institutiones
1145 146 1387 182 scholasticae
1412 145 1608 180 Societatis
1633 145 1724 181 Jesu
1748 145 1787 180 II

258 267 379 309 trahi
409 267 552 325 possit
582 267 640 309 ad
677 266 981 324 posteriorem,
1020 266 1098 322 qui
1130 269 1176 307 et
1205 264 1382 314 facilior
1413 268 1458 306 et
1493 263 1713 320 receptior
1751 266 1831 318 est,
1862 276 1956 304 non

260 342 458 395 apparet,
504 354 582 381 cur
626 353 652 381 a
693 339 736 381 S.
767 337 941 379 Thoma
980 336 1207 379 recessisse
1248 335 1458 378 dicantur
1501 336 1506 391 1
1548 333 1628 390 qui
1667 333 1957 391 posteriorem

260 410 605 466 amplectuntur.
668 409 939 465 Exemplum
959 407 1107 450 adhuc
1139 406 1276 449 aliud.
1339 407 1441 448 Non
1466 405 1764 463 prohibentur
1784 404 1956 459 docere,

263 481 342 537 qui
372 481 529 535 velint,
561 481 730 523 Filium
762 484 807 521 et
837 479 1061 536 Spiritum
1093 478 1312 520 Sanctum
1343 477 1532 534 produci
1561 491 1639 533 per
1669 475 1878 529 notitiam
1910 478 1958 517 et

262 567 458 594 amorem
490 556 793 594 creatmarum
826 550 963 592 etiam
995 548 1241 591 secundum
1272 563 1364 590 esse
1395 547 1622 605 possibile,
1654 562 1744 589 non
1769 546 1957 590 actuale.

263 623 476 666 Alienum
519 638 545 664 a
589 623 633 665 S.
673 622 846 664 Thema
899 620 1130 663 videbitur
1184 619 1417 662 nonnullis
1470 619 1692 676 Spiritum
1740 618 1959 660 Sanctum

262 694 500 752 procedere
538 708 615 750 per
647 707 843 735 amorem
875 695 1180 733 creaturarum
1212 690 1456 733 secundum
1488 705 1581 732 esse
1611 689 1834 747 possibile.
1897 688 1961 730 At

262 765 347 808 hoc
386 769 452 807 est
490 765 685 806 maxime
724 777 997 818 consequens
1030 762 1087 804 ad
1119 761 1372 804 doctrinam
1404 762 1449 804 S.
1472 761 1682 815 Thomae,
1715 759 1962 803 secundum

264 851 410 893 quem,
444 850 546 878 cum
571 834 771 878 Verbum
802 849 881 890 per
912 833 1206 888 intellectum,
1240 833 1437 889 Spiritus
1469 833 1662 876 Sanctus
1693 846 1774 889 per
1803 831 1966 874 volun-

263 911 404 950 tatem
435 906 660 964 procedat,
692 920 897 962 expresse
930 904 1059 947 addit
1092 908 1130 948 1.
1151 905 1275 946 Part.
1306 904 1487 955 Quaest.
1516 907 1586 948 34.
1617 906 1716 946 Art.
1749 905 1788 948 3.
1819 901 1877 945 ad
1907 904 1963 955 2.‚

264 978 506 1021 relationes
528 977 720 1019 Diuinas
753 976 810 1019 ad
831 981 1096 1031 creaturam,
1123 979 1444 1032 consequentes
1464 975 1689 1018 actionem
1710 975 1963 1016 immanen-

264 1054 370 1104 tem,
402 1054 455 1092 ut
486 1049 598 1091 scire
630 1052 675 1090 et
703 1048 834 1103 velle,
867 1063 958 1089 esse
991 1051 1214 1102 aeternas3
1248 1051 1292 1089 et
1322 1047 1526 1090 Verbum
1556 1046 1657 1088 ideo
1691 1044 1748 1088 ab
1780 1048 1965 1087 aeterno

265 1120 423 1163 referri
463 1120 520 1162 ad
565 1123 803 1173 creaturaS,
845 1119 953 1175 quia
994 1119 1044 1161 in
1089 1119 1273 1162 nomine
1312 1118 1452 1161 Verbi
1492 1118 1765 1175 importatur
1804 1115 1965 1158 relatio

267 1205 538 1246 consequens
569 1191 894 1232 immanentem
934 1189 1191 1246 actionem.}
1254 1189 1379 1239 Quae
1416 1189 1533 1231 ratio
1573 1188 1618 1231 S.
1650 1187 1850 1231 Thomae
1891 1186 1967 1230 vel

266 1277 359 1306 non
390 1262 515 1305 valet
545 1262 594 1304 in
624 1262 788 1316 Verbo,
828 1262 901 1305 vel
939 1277 1032 1304 non
1069 1262 1215 1318 magis
1252 1261 1301 1303 in
1331 1260 1495 1314 Verbo,
1536 1274 1671 1316 quam
1710 1258 1760 1301 in
1793 1256 1968 1315 Spiritu

270 1335 451 1379 Sancto.
515 1333 646 1384 Quod
677 1348 785 1377 vero
817 1333 974 1376 afferre
1007 1333 1107 1389 quis
1138 1337 1288 1390 posset
1328 1347 1382 1374 ex
1415 1330 1748 1388 antiquioribus
1786 1329 1969 1372 Thomi-

268 1406 364 1460 stis,
402 1404 709 1462 cognitionem
747 1405 928 1461 quidem
967 1405 1075 1447 ferri
1115 1404 1164 1446 in
1202 1418 1284 1459 res,
1328 1407 1381 1447 vt
1422 1408 1529 1445 sunt
1567 1402 1614 1445 in
1656 1405 1968 1458 cognoscente,

269 1491 465 1519 amorem
510 1490 616 1519 Vero
664 1476 847 1518 tendere
892 1476 940 1518 in
986 1490 1056 1518 res
1102 1479 1288 1530 amatas,
1324 1479 1377 1518 vt
1417 1478 1524 1517 sunt
1561 1475 1610 1517 in
1650 1489 1709 1527 se,
1748 1473 1872 1517 valet
1913 1471 1969 1515 de

271 1563 420 1591 amore
453 1547 643 1590 efficacis
675 1547 906 1591 electionis
938 1563 989 1590 ac
1020 1547 1357 1601 beneficentiae,
1388 1560 1482 1588 non
1513 1546 1568 1588 de
1601 1558 1751 1588 amore
1773 1544 1970 1602 compla-

270 1618 458 1673 centiae,
491 1618 716 1675 quomodo
749 1618 912 1660 artifex
944 1622 1067 1660 amat
1099 1632 1209 1675 opus
1241 1632 1385 1672 suum,
1417 1631 1519 1659 cum
1539 1619 1901 1674 repraesentatur
1921 1615 1970 1657 in

270 1691 392 1746 Idea,
425 1695 668 1746 antequam
699 1690 811 1733 velit
841 1690 957 1732 illud
988 1690 1146 1744 facere,
1181 1693 1226 1732 et
1257 1689 1378 1745 quod
1408 1702 1642 1744 nunquam
1663 1687 1865 1730 facturus
1888 1690 1969 1742 est,

272 1777 376 1805 cum
407 1762 673 1819 praesertim
716 1776 841 1804 amor
877 1761 995 1804 nihil
1033 1761 1159 1803 aliud
1197 1760 1270 1815 sit,
1310 1775 1447 1816 quam
1484 1759 1811 1816 complacentia
1848 1758 1972 1813 boni,

272 1837 324 1876 vt
356 1847 561 1891 expresse
593 1833 723 1875 docet
756 1833 800 1875 S.
823 1832 1019 1875 Thomas
1053 1835 1090 1876 1.
1125 1835 1164 1875 2.
1194 1830 1246 1881 Q.
1278 1833 1346 1875 25.
1375 1831 1477 1876 Art.
1502 1834 1542 1875 2.
1604 1830 1865 1880 Quinetiam
1903 1844 1973 1872 res

274 1904 427 1961 aliqua
458 1904 620 1961 placet,
653 1908 697 1945 et
735 1904 843 1960 quia
879 1904 1027 1961 placet
1064 1907 1199 1960 atque
1237 1906 1428 1957 amatur,
1459 1902 1561 1945 ideo
1593 1902 1707 1944 bene
1738 1901 1808 1944 illi
1845 1901 1973 1944 volu-

273 1991 372 2018 mus
394 1980 440 2018 et
464 1975 780 2030 benefacimus,
802 1979 855 2018 ut
876 1980 1027 2032 aperte
1046 1979 1172 2033 patet
1194 1975 1244 2017 in
1264 1975 1308 2017 S.
1332 1973 1505 2017 Thoma
1528 1978 1567 2019 2.
1590 1977 1630 2019 2.
1654 1973 1706 2023 Q.
1726 1976 1794 2017 27.
1812 1972 1911 2015 Art.
1931 1975 1971 2017 2.

247 2084 254 2091 .
277 2048 395 2090 Sunt
428 2052 473 2090 et
504 2048 594 2090 alia
621 2048 628 2103 1
654 2047 702 2090 id
732 2061 875 2103 genus
905 2047 1131 2104 pleraque,
1155 2061 1282 2102 quae,
1306 2045 1343 2087 si
1371 2050 1491 2088 recte
1510 2045 1859 2103 perpendantur,
1881 2057 1974 2086 non

274 2133 434 2176 parum
466 2119 510 2161 S.
537 2119 735 2161 Thomae
767 2122 1067 2161 consentanea
1096 2117 1386 2175 reperientur.

420 2190 578 2248 „Aliae
609 2204 702 2232 non
734 2195 829 2232 tam
860 2189 1035 2246 aliquid
1067 2189 1305 2244 definiunt,
1345 2204 1481 2245 quam
1520 2188 1748 2245 loquendi,
1788 2202 1866 2230 seu
1904 2202 1975 2230 res

277 2262 534 2319 explicandi
556 2262 739 2304 modum
771 2261 1019 2317 tradunt.“]
1057 2287 1105 2292 —
1141 2260 1310 2304 Verum
1341 2260 1426 2303 hoc
1456 2275 1549 2303 non
1579 2259 1668 2302 nisi
1699 2274 1800 2302 raro
1831 2259 1896 2314 fit,
1929 2263 1974 2301 et

279 2348 380 2376 cum
410 2332 549 2376 refert
580 2348 672 2376 non
703 2348 882 2391 parum:
922 2334 979 2375 In
1011 2332 1355 2389 quaestionibus
1396 2331 1516 2374 enim
1546 2330 1692 2386 Fidei,
1733 2330 1886 2386 quales
1923 2330 1973 2372 in

278 2404 528 2462 Theologia
565 2409 820 2448 tractantur
859 2419 997 2460 quam
1034 2403 1274 2461 plurimae,
1323 2403 1542 2446 dissident
1577 2402 1733 2446 Nostri
1769 2407 1816 2444 et
1860 2401 1975 2459 peri-

280 2476 430 2518 culose
475 2490 803 2532 nonnunquam
850 2476 1082 2531 dissident,
1128 2491 1222 2519 non
1267 2476 1321 2519 de
1363 2489 1512 2517 rerum
1551 2474 1756 2529 veritate,
1803 2472 1881 2516 sed
1919 2472 1974 2515 de

279 2547 412 2589 modo
472 2562 544 2590 eas
612 2548 891 2605 explicandi:
941 2563 1200 2604 quanquam
1270 2561 1599 2603 nonnunquam
1663 2544 1974 2589 definitionem

281 2618 490 2674 grauium
536 2619 850 2675 quaestionum
891 2619 1066 2676 opinari
1111 2623 1294 2677 possent
1341 2618 1483 2674 aliqui
1528 2617 1646 2660 nihil
1692 2632 1786 2660 esse
1833 2616 1972 2671 aliud,

282 2704 417 2745 quam
448 2689 633 2732 modum
663 2690 892 2747 loquendi,
925 2691 997 2733 vel
1030 2690 1287 2747 explicandi
1317 2705 1387 2732 res
1417 2689 1545 2733 verbi
1577 2689 1740 2746 gratia.

423 2761 702 2816 „Definitum
755 2766 834 2817 est,
887 2762 1054 2817 Angeli
1105 2766 1149 2803 et
1197 2761 1375 2803 animae
1424 2760 1724 2803 substantiam
1774 2774 1868 2802 esse
1923 2760 1973 2803 in

281 2832 440 2890 loco.“]
480 2858 526 2865 -
567 2833 735 2876 Contra
767 2847 855 2888 eos,
888 2834 967 2889 qui
997 2833 1045 2876 id
1075 2836 1259 2889 negant,
1292 2836 1338 2874 et
1357 2832 1558 2888 Angelos
1588 2846 1681 2875 non
1711 2831 1801 2874 nisi
1831 2835 1971 2874 meta-

282 2903 465 2962 phorice
496 2908 674 2961 ponunt
703 2904 752 2946 in
783 2905 895 2946 1000.

424 2976 570 3032 „Item
606 2975 873 3018 relationem
905 2975 1124 3018 Diuinam
1154 2988 1246 3017 non
1282 2978 1464 3017 tantum
1501 2974 1746 3019 secundum
1777 2989 1869 3017 esse
1900 2975 1970 3030 In,

282 3047 360 3090 sed
392 3047 529 3090 etiam
560 3046 806 3089 secundum
837 3061 930 3089 esse
950 3046 1036 3101 Ad,
1068 3060 1159 3088 esse
1177 3045 1401 3101 realem.“]
1432 3071 1489 3078 —
1522 3047 1691 3090 Contra
1711 3046 1838 3101 alios,
1872 3046 1969 3103 qui-

285 3119 368 3164 bus
401 3118 529 3176 „Affl‘
560 3132 654 3161 non
683 3117 864 3161 videtur
895 3132 988 3160 esse
1018 3117 1148 3160 reale.
