2153 3467
325 186 413 228 392
536 196 646 231 Ratio
673 196 878 232 studiorum
905 201 943 232 et
967 196 1222 232 institutiones
1249 197 1493 233 scholasticae
1519 197 1711 234 societatis
1738 199 1827 235 Jesu
1853 201 1890 236 II

322 321 445 358 tatur
477 315 533 358 ad
565 316 766 358 verbum.
820 316 1059 359 Dictatum
1091 333 1222 375 porro
1254 318 1411 368 statim
1433 318 1650 374 Magister
1668 318 1824 375 jubeat
1855 320 2054 374 recitari,

320 387 526 443 explicet,
548 387 586 428 si
609 387 717 443 quid
736 386 853 429 forte
876 388 1124 443 difficilius,
1147 389 1408 443 vocabula,¹
1435 389 1618 446 phrases
1635 389 1813 445 aliaque
1834 390 2058 446 praesidia

321 457 646 512 subministret,
680 473 951 516 semperque,
985 463 1170 516 excepto
1203 459 1422 513 Rhetore,
1460 460 1578 502 inter
1609 459 1874 502 dictandum
1906 460 2056 503 admo-

320 532 446 583 neat,
494 529 718 585 quomodo
763 531 950 586 quaevis
988 545 1091 586 pars
1130 530 1452 572 conscribenda
1492 531 1551 572 sit
1591 534 1634 572 et
1680 531 2056 588 interpungenda.

320 599 511 655 Aliquid
543 614 651 642 vero
684 601 1096 643 extraordinarium
1138 602 1273 643 solito
1314 602 1508 659 amplius
1546 601 1939 659 praescribendum
1977 607 2058 656 est,

325 685 427 712 cum
458 671 610 728 plures
642 671 736 714 dies
767 672 872 714 festi
908 672 1138 726 incidunt,
1179 673 1250 715 vel
1293 688 1395 715 cum
1434 672 1693 716 vacationes
1732 676 1831 715 tum
1868 672 2058 729 majores

319 744 418 783 tum
450 741 643 785 minores
674 743 950 788 indicuntur.

99 810 295 836 ⁰⁰¹¹⁰er²³tiffi
465 813 538 859 31.
601 814 902 868 Concertatio,
935 829 1048 870 quae
1080 816 1151 858 vel
1185 816 1405 871 Magistro
1436 816 1745 871 interrogante
1778 814 2055 870 aemulisque

320 883 664 940 corrigentibus,
697 886 768 927 vel
800 885 910 942 ipsis
941 886 1137 929 invicem
1170 888 1357 930 aemulis
1395 886 1766 944 percontantibus
1797 885 1897 928 fieri
1929 885 2056 940 solet,

318 955 476 1010 magni
506 955 714 999 facienda
737 961 795 1011 et,
828 958 1003 1012 quoties
1023 962 1200 1016 tempus
1222 959 1458 1016 permittit,
1482 957 1755 1015 usurpanda,
1797 961 1849 999 ut
1870 956 2060 998 honesta

318 1026 582 1081 aemulatio,
626 1042 739 1082 quae
777 1042 995 1083 magnum
1038 1029 1094 1071 ad
1135 1029 1285 1072 studia
1323 1029 1670 1072 incitamentum
1711 1033 1796 1084 est,
1837 1028 2058 1070 foveatur.

319 1098 539 1140 Poterunt
570 1102 722 1140 autem
754 1099 826 1140 vel
858 1100 1028 1156 singuli
1059 1101 1132 1143 vel
1163 1102 1311 1158 plures
1343 1116 1396 1143 ex
1429 1105 1621 1157 utraque
1653 1103 1786 1157 parte
1819 1097 2058 1152 committi,

318 1168 554 1226 praecipue
577 1185 631 1211 ex
653 1171 1012 1227 magistratibus,
1036 1173 1108 1214 vel
1124 1187 1240 1215 unus
1261 1173 1399 1215 etiam
1418 1173 1568 1230 plures
1587 1172 1812 1213 lacessere.
1846 1170 2059 1212 Privatus

317 1240 407 1282 fere
438 1240 668 1296 privatum
699 1246 837 1298 petet,
870 1243 1167 1298 magistratus
1199 1244 1543 1300 magistratum,
1581 1243 1788 1301 privatus
1819 1241 1956 1282 etiam
1988 1240 2058 1282 in-

318 1311 494 1353 terdum
533 1312 878 1367 Magistratum,
927 1313 1109 1370 ejusque
1156 1315 1450 1372 dignitatem,
1499 1315 1537 1357 si
1576 1315 1758 1368 vicerit,
1800 1312 1895 1355 sive
1935 1310 2060 1353 aliud

316 1382 565 1438 praemium
605 1387 684 1426 aut
722 1384 941 1427 victoriae
982 1386 1164 1442 signum
1204 1387 1416 1444 consequi
1463 1385 1652 1444 poterit,
1700 1388 1834 1442 prout
1881 1383 2060 1425 scholae

318 1453 522 1509 dignitas
555 1459 600 1497 et
631 1455 833 1499 locorum
863 1457 980 1499 ratio
1011 1458 1276 1515 postulabit.

34 1524 291 1584 32:35222312225
459 1524 537 1572 32.
599 1526 997 1571 Extraordinariae
1028 1529 1371 1572 exercitationes
1405 1533 1455 1585 (ef
1468 1532 1652 1586 publica,
1675 1528 1934 1585 speeiminct)
1967 1525 2055 1568 uti-

315 1597 490 1639 litatem
522 1613 736 1654 magnam
768 1599 951 1642 habent.
1014 1601 1070 1642 In
1102 1602 1264 1657 quibus
1303 1602 1417 1644 illud
1457 1603 1664 1646 universe
1697 1600 1938 1644 dicendum
1971 1600 2051 1650 est,

313 1672 513 1722 (eramen
522 1671 751 1725 publicum
764 1672 988 1714 subituros
1004 1674 1192 1715 nonnisi
1212 1675 1443 1729 ‹liligscnffer
1457 1679 1643 1730 paratos
1660 1674 1820 1728 erponi
1838 1674 2046 1726 oportere,

315 1746 367 1793 et)
399 1756 463 1795 ea,
497 1756 610 1797 quae
642 1742 823 1799 publice
854 1744 1295 1800 pronunciabuntur,
1328 1750 1380 1787 ut
1411 1760 1504 1788 non
1542 1745 1759 1787 memoria
1798 1743 1942 1785 solum
1988 1738 2056 1780 di-

315 1812 603 1868 scipulorum,
637 1814 712 1856 sed
744 1814 979 1871 ingenium
1012 1816 1149 1858 etiam
1182 1817 1429 1871 excolatur,
1463 1833 1488 1859 a
1519 1817 1741 1873 Magistro
1785 1811 2053 1871 expolienda

315 1884 497 1940 quidem
528 1885 783 1941 diligenter,
814 1901 1047 1942 nunquam
1080 1892 1231 1929 tamen
1263 1888 1316 1929 de
1347 1888 1526 1944 integro
1547 1888 1773 1942 iacienda,
1808 1887 2052 1944 eademque

317 1954 371 1996 de
402 1955 619 2012 versibus,
653 1957 731 2013 qui
762 1957 810 1999 in
842 1958 1027 2015 publico
1058 1964 1396 2016 proponuntur,
1435 1960 1553 2003 ratio
1586 1964 1665 2002 est.
1730 1960 2051 2002 Laborandum

316 2026 467 2081 etiam,
500 2031 552 2069 ut
583 2044 753 2083 vocem,
786 2034 941 2085 gestus
972 2034 1018 2072 et
1049 2030 1274 2073 actionem
1308 2046 1485 2073 omnem
1519 2031 1733 2089 discipuli
1767 2046 1868 2074 cum
1901 2031 2052 2087 digni-

316 2100 412 2138 tate
443 2098 743 2142 moderentur.

105 2167 279 2227 fssf’ss'JJJ'a'ffg
460 2169 538 2215 33.
602 2171 875 2227 Praelectio,
917 2174 990 2215 vel
1028 2189 1191 2229 graeca
1236 2173 1439 2216 latinave
1479 2174 1626 2217 oratio
1667 2179 1747 2216 aut
1786 2188 1965 2216 carmen
2005 2174 2052 2216 in

115 2239 145 2262 ¹¹¹
167 2239 275 2263 Μωδ-
316 2240 559 2284 Rhetorica
591 2242 772 2297 quidem
804 2248 849 2286 et
870 2244 1169 2287 Humanitate
1202 2245 1390 2287 alternis
1421 2245 1511 2287 fere
1544 2245 1756 2301 sabbatis,
1790 2261 1880 2288 una
1901 2246 2054 2289 schola

313 2312 499 2354 alteram
531 2312 774 2369 invitante,
806 2314 1066 2369 habeatur23
1104 2317 1153 2358 in
1184 2316 1370 2371 reliquis
1410 2317 1504 2358 sola
1542 2305 1782 2372 praelectio
1825 2332 1915 2358 non
1955 2320 2049 2358 tam

314 2382 547 2437 habeatur,
580 2400 714 2440 quam
748 2386 904 2428 audita
935 2402 989 2428 ex
1022 2386 1235 2430 cathedra
1265 2391 1503 2444 repetatur,
1537 2387 1674 2429 nullis
1705 2387 1798 2429 fere
1828 2387 2050 2442 invitatis,

314 2467 395 2495 nec
425 2455 513 2495 nisi
545 2455 737 2511 singulis
769 2457 1009 2500 mensibus.

458 2525 535 2572 34.
599 2528 888 2570 Concertatio
921 2544 1021 2571 cum
1053 2530 1260 2586 proxima
1292 2531 1431 2573 classe
1463 2532 1548 2573 erit
1579 2530 1820 2587 aliquoties
1851 2531 1898 2572 in
1920 2545 2052 2585 anno,

313 2611 402 2651 quo
437 2596 508 2637 die
540 2598 775 2640 Praefecto
809 2599 1063 2642 studiorum
1095 2601 1359 2644 inferiorum
1400 2603 1549 2644 visum
1589 2602 1748 2656 fuerit,
1781 2617 1861 2658 per
1892 2602 2049 2644 horam

313 2668 415 2721 fere,
450 2667 503 2709 de
535 2668 589 2708 iis
614 2673 792 2712 tantum
817 2670 963 2725 rebus,
997 2687 1112 2727 quae
1137 2673 1316 2728 utrique
1339 2673 1470 2715 classi
1492 2688 1752 2715 communes
1778 2677 1897 2727 sunt,
1929 2677 2050 2714 utro-

315 2753 400 2793 que
434 2738 694 2781 moderante
726 2741 1032 2798 Praeceptore.
1095 2742 1204 2784 Bini
1237 2743 1413 2785 ternive
1445 2749 1526 2786 aut
1564 2745 1713 2801 plures
1752 2744 2051 2800 disputabunt

312 2824 366 2850 ex
398 2808 580 2866 optimis
613 2810 848 2867 utriusque
880 2813 1037 2854 classis
1069 2812 1313 2870 discipulis,
1347 2815 1421 2857 vel
1456 2831 1507 2857 ex
1533 2815 1741 2858 condicto
1766 2815 1822 2857 ad
1847 2815 2049 2869 singulas

313 2880 691 2935 interrogationes
738 2883 1140 2940 responsionesque
1186 2888 1320 2927 antea
1359 2886 1595 2941 instructi,
1643 2886 1715 2928 vel
1763 2901 1817 2927 ex
1863 2885 2049 2941 ingenio

95 2523 278 2548 concertatio

66 2567 131 2583 tum
157 2567 237 2590 μοι.
259 2560 294 2584 cl.

458 3046 467 3065 ¹
495 3057 538 3083 m.
567 3056 635 3080 om.
665 3047 836 3086 „v‹›(·ab.“

458 3107 470 3127 ²
498 3118 542 3142 111.
573 3106 835 3147 „habeant11r“.
