2084 3441
184 2891 211 2913 p.

205 992 211 998 .
238 973 277 998 14.

237 2884 278 2907 15.

293 168 352 215 34
494 181 603 218 Ratio
630 175 834 219 studiorum
860 188 898 219 et
923 178 1178 220 institutiones
1203 175 1442 219 scholasticae
1467 176 1666 220 Sooietatis
1691 181 1780 221 Jesu
1804 179 1844 220 ῘῘ

437 302 476 344 7.
508 300 700 355 Notitia,
734 317 869 358 quam
901 303 1022 345 Deus
1054 302 1191 344 habet
1223 301 1277 343 de
1309 301 1539 356 creaturiS,
1561 302 1830 344 terminatur
1851 303 1987 344 etiam

293 370 560 413 secundario
594 371 652 414 ad
683 379 912 415 creaturas
943 373 1078 430 ipsas,
1110 376 1245 429 prout
1276 377 1383 414 sunt
1414 373 1463 414 in
1495 372 1651 429 seipsis
1674 378 1801 416 extra
1823 373 1983 415 Deum.

294 455 334 496 q.
370 443 437 485 14.
471 456 509 483 a.
544 445 583 486 2.

435 520 473 561 8.
509 519 630 561 Deus
672 519 726 562 de
767 520 1111 576 quibuscunque
1149 520 1296 575 rebus,
1337 520 1392 562 de
1425 520 1580 562 liberis
1625 520 1762 562 etiam
1799 520 1989 575 actibus,

294 603 556 645 quanquam
587 605 820 646 nunquam
852 590 1032 646 futuris,
1065 594 1187 632 certo
1220 595 1265 633 et
1285 590 1592 633 infallibiliter
1615 591 1861 647 cognoscit,
1882 590 1991 647 quid

294 660 458 716 quibus
489 660 649 717 positis
682 661 887 703 futurum
919 665 1047 704 esset.
1111 677 1152 717 q.
1179 665 1245 706 14.
1269 676 1307 704 a.
1334 664 1399 706 13.

435 740 475 781 9.
508 738 612 780 Non
644 742 751 780 sunt
783 738 1020 795 possibiles
1040 739 1161 781 vllae
1186 753 1359 793 causae,
1386 753 1443 780 ne
1470 738 1638 780 liberae
1659 738 1855 794 quidem,
1879 753 1992 795 quae

293 808 341 849 in
373 808 548 864 agendo
582 824 752 866 semper
782 823 875 851 non
908 809 1191 867 dependeant
1222 808 1522 852 essentialiter
1554 809 1610 851 ab
1643 809 1813 852 actuali
1838 823 1994 867 coope-

293 879 438 921 rantis
470 880 556 922 Dei
590 895 822 922 concursu.

443 959 508 1000 10.
541 957 664 998 Deus
685 957 894 1000 absoluta
915 958 1167 1013 voluntate,
1190 958 1327 1000 etiam
1342 957 1345 1016 l
1361 956 1509 1014 quoad
1529 957 1830 1000 substantiam
1852 962 1992 1014 actus,

294 1041 384 1068 non
416 1027 734 1083 praedefiniuit
766 1033 894 1071 actus
926 1030 1080 1072 malos.

436 1101 502 1143 11.
566 1099 621 1141 In
654 1100 750 1142 Deo
786 1106 852 1142 est
884 1116 987 1143 vere
1018 1101 1198 1159 proprie
1231 1106 1276 1143 et
1308 1100 1564 1143 formaliter
1594 1099 1788 1142 iustitia.
1852 1115 1892 1156 q.
1922 1102 1992 1144 21.

297 1189 321 1216 a
347 1178 383 1218 1.
409 1179 452 1216 et
485 1178 523 1219 2.

439 1249 506 1291 12.
539 1247 643 1290 Non
675 1248 819 1291 solum
851 1264 905 1291 ex
936 1253 1064 1306 parte
1096 1253 1251 1292 nostra
1282 1249 1410 1292 nulla
1442 1249 1531 1292 fuit
1550 1248 1667 1291 ratio
1690 1263 1768 1291 seu
1792 1247 1992 1291 conditio

293 1317 735 1374 praedestinationis,
767 1320 845 1362 sed
876 1335 1022 1377 neque
1054 1320 1258 1363 absolute
1290 1321 1529 1363 dicendum
1565 1325 1633 1362 est
1657 1335 1750 1362 esse
1771 1320 1819 1362 in
1839 1324 1994 1362 nostra

293 1394 532 1445 potestate,
579 1395 630 1432 vt
661 1391 1067 1448 praedestinemur3
1115 1407 1199 1435 nec
1230 1392 1345 1434 salui
1375 1392 1487 1434 fient
1517 1392 1601 1435 vlli
1632 1391 1721 1434 nisi
1751 1389 1996 1448 praedesti-

293 1460 402 1502 nati.
466 1476 507 1517 q.
543 1464 611 1506 23.
645 1477 682 1505 a.
717 1464 757 1508 5.

439 1541 504 1582 13.
539 1539 904 1595 Reprobationis,
946 1554 1035 1596 qua
1074 1540 1238 1582 caeteri
1269 1540 1474 1582 homines
1507 1539 1710 1582 excidere
1742 1539 1797 1582 ab
1829 1539 1992 1583 vltimo

294 1608 384 1651 fine
417 1610 622 1666 permissi
654 1615 775 1666 sunt,
809 1625 944 1653 causa
975 1611 1064 1654 fuit
1094 1616 1330 1669 peccatum
1362 1611 1581 1668 orginale.
1646 1627 1686 1668 q.
1712 1614 1781 1656 23.
1806 1626 1844 1653 a.
1870 1613 1908 1656 5.

440 1690 506 1731 14.
542 1687 882 1730 Sufficientibus
930 1688 987 1730 ad
1027 1689 1220 1731 salutem
1259 1688 1440 1746 auxilijs
1484 1703 1718 1745 nunquam
1749 1689 1992 1746 priuantur

294 1757 511 1813 homines,
546 1759 654 1801 dum
684 1759 861 1801 ratione
892 1764 1098 1802 vtuntur.

439 1840 502 1879 15.
537 1835 644 1878 Tres
683 1842 790 1878 sunt
825 1836 873 1878 in
912 1837 1009 1879 Deo
1064 1837 1281 1880 relatiuae
1335 1837 1671 1880 subsistentiae:
1717 1842 1783 1880 est
1821 1842 1864 1880 et
1903 1853 1996 1881 vna

296 1908 558 1962 eommunis,
593 1908 799 1950 absoluta
832 1913 877 1949 et
908 1908 1176 1963 essentialis3
1211 1923 1304 1951 non
1324 1913 1475 1951 tamen
1498 1912 1736 1965 propterea
1759 1913 1867 1951 sunt
1889 1923 1996 1965 qua-

296 1984 411 2021 tuor.
475 1994 515 2035 q.
539 1981 608 2024 39.
632 1995 669 2022 a.
693 1982 733 2023 4.
759 1984 803 2021 et
823 1983 862 2024 3.
886 1995 928 2037 p.
951 1995 992 2036 q.
1017 1983 1055 2024 2.
1080 1995 1117 2022 a.
1143 1983 1182 2024 2.

440 2059 506 2101 16.
535 2057 706 2099 Diuina
744 2057 919 2112 relatio,
959 2057 1096 2099 etiam
1127 2057 1373 2100 secundum
1405 2072 1498 2099 esse
1529 2057 1617 2112 Ad,
1650 2061 1718 2099 est
1750 2071 1829 2099 ens
1858 2057 1992 2100 reale.

296 2144 338 2185 q.
372 2131 440 2173 28.
466 2144 504 2171 a.
529 2132 568 2174 2.

439 2209 505 2250 17.
540 2206 683 2248 Nemo
717 2206 841 2248 dicat
878 2221 971 2248 esse
1009 2206 1255 2264 probabile,
1289 2206 1481 2248 Diuinas
1513 2206 1736 2248 Personas
1771 2205 1990 2249 constitui

296 2277 647 2334 proprietatibus
680 2277 917 2320 absolutis:
952 2292 1035 2320 nec
1066 2277 1224 2320 doceat
1256 2276 1471 2319 constitui
1494 2276 1791 2318 relationibus
1812 2276 1895 2319 sub
1918 2276 1994 2319 ab·
2020 2289 2024 2295 ·

297 2349 445 2391 soluto
478 2354 713 2407 conceptu,
748 2349 825 2391 sed
856 2348 1064 2391 relatiuo.
1130 2363 1171 2404 q.
1195 2350 1266 2393 40.
1290 2362 1329 2390 a.
1351 2351 1390 2392 2.

442 2429 507 2469 18.
540 2425 652 2467 Tam
685 2425 927 2481 originum,
952 2440 1086 2482 quam
1110 2425 1384 2467 relationum
1407 2424 1610 2466 omnium
1632 2423 1993 2481 fundamentum,

298 2512 323 2538 a
356 2511 443 2552 quo
476 2497 635 2538 relatio
669 2511 796 2538 suam
828 2495 966 2538 habet
997 2495 1269 2551 realitatem,
1303 2501 1370 2538 est
1402 2495 1561 2538 diuina
1592 2496 1787 2538 essentia
1818 2511 1895 2553 per
1925 2496 1994 2539 in-

301 2568 502 2623 telligere
536 2582 586 2610 ac
619 2568 735 2610 velle
768 2567 1052 2610 foecundum.
1129 2582 1170 2623 q.
1194 2571 1262 2611 27.

444 2647 509 2688 19.
545 2644 806 2700 Spiritualis
845 2644 1103 2686 substantia
1144 2649 1294 2686 creata
1340 2648 1406 2686 est
1448 2643 1701 2687 subiectum
1744 2644 1995 2687 formaliter

298 2716 487 2758 locabile
529 2720 573 2757 et
613 2716 798 2769 mobile,
839 2719 883 2757 et
920 2719 1014 2756 tam
1046 2715 1226 2771 Angeli‚
1261 2730 1396 2771 quam
1427 2715 1604 2757 animae
1636 2714 1996 2758 substantialiter

300 2792 405 2829 sunt
436 2787 483 2828 in
517 2787 653 2841 coelo,
687 2787 758 2828 vel
791 2786 839 2828 in
870 2785 1062 2841 inferno,
1094 2787 1166 2829 vel
1200 2787 1323 2828 alibi.
1386 2801 1427 2842 q.
1450 2789 1519 2831 52.

443 2865 510 2907 20.
545 2863 824 2918 Angelorum
842 2863 916 2904 via
932 2863 1020 2904 duo
1029 2863 1107 2905 bus
1125 2862 1329 2905 constitit
1344 2862 1619 2905 instantibus
1632 2863 1636 2920 Ι
1648 2863 1877 2905 distinctis
1898 2863 1994 2905 siue

302 2934 564 2978 diuersitate
590 2934 915 2990 operationum,
949 2935 1044 2975 siue
1077 2934 1254 2975 diuerso
1288 2933 1501 2990 operandi
1534 2934 1680 2976 modo.
1715 2949 1789 2991 qu.
1809 2936 1931 2978 63.a.
1952 2937 1992 2978 6.

443 3010 512 3051 21.
545 3006 648 3048 Non
686 3010 909 3061 repugnat
948 3020 1026 3061 per
1057 3005 1142 3046 Dei
1179 3005 1429 3061 potentiam
1461 3005 1730 3060 absolutam,
1765 3004 1994 3061 Angelum

300 3077 434 3121 simul
466 3091 558 3119 esse
590 3077 638 3118 in
670 3075 876 3133 pluribus
907 3075 1016 3117 locis
1048 3076 1321 3131 adaequatis.
1385 3090 1425 3131 q.
1448 3078 1518 3120 52.
1542 3090 1580 3117 a.
1603 3079 1642 3120 2.
