<?xml version="1.0" encoding="UTF-8"?>
<!DOCTYPE html PUBLIC "-//W3C//DTD XHTML 1.0 Transitional//EN"
    "http://www.w3.org/TR/xhtml1/DTD/xhtml1-transitional.dtd">
<html xmlns="http://www.w3.org/1999/xhtml" xml:lang="en" lang="en">
 <head>
  <title>
</title>
<meta http-equiv="Content-Type" content="text/html;charset=utf-8" />
  <meta name='ocr-system' content='tesseract 3.04.00' />
  <meta name='ocr-capabilities' content='ocr_page ocr_carea ocr_par ocr_line ocrx_word'/>
</head>
<body>
  <div class='ocr_page' id='page_1' title='image "./ratiostudiorumet05jesu_0161.png"; bbox 0 0 2148 3402; ppageno 0'>
   <div class='ocr_carea' id='block_1_1' title="bbox 657 187 1769 237">
    <p class='ocr_par' dir='ltr' id='par_1_1' title="bbox 657 187 1769 237">
     <span class='ocr_line' id='line_1_1' title="bbox 657 187 1769 237; baseline -0.004 0"><span class='ocrx_word' id='word_1_1' title='bbox 657 200 700 237; x_wconf 77' lang='lat' dir='ltr'>R.</span> <span class='ocrx_word' id='word_1_2' title='bbox 728 203 773 236; x_wconf 75' lang='lat' dir='ltr'>st.</span> <span class='ocrx_word' id='word_1_3' title='bbox 803 200 902 236; x_wconf 81' lang='lat'>1586.</span> <span class='ocrx_word' id='word_1_4' title='bbox 953 199 1056 235; x_wconf 75' lang='lat' dir='ltr'>stud.</span> <span class='ocrx_word' id='word_1_5' title='bbox 1081 199 1187 235; x_wconf 81' lang='lat' dir='ltr'>Hum.</span> <span class='ocrx_word' id='word_1_6' title='bbox 1685 187 1769 234; x_wconf 83' lang='lat'>145</span> 
     </span>
    </p>
   </div>
   <div class='ocr_carea' id='block_1_2' title="bbox 81 275 214 279">
    <p class='ocr_par' dir='ltr' id='par_1_2' title="bbox 81 275 214 279">
     <span class='ocr_line' id='line_1_2' title="bbox 81 275 214 279; baseline 0 0"><span class='ocrx_word' id='word_1_7' title='bbox 81 275 214 279; x_wconf 95' lang='lat' dir='ltr'> </span> 
     </span>
    </p>
   </div>
   <div class='ocr_carea' id='block_1_3' title="bbox 478 276 994 279">
    <p class='ocr_par' dir='ltr' id='par_1_3' title="bbox 478 276 994 279">
     <span class='ocr_line' id='line_1_3' title="bbox 478 276 994 279; baseline 0 0"><span class='ocrx_word' id='word_1_8' title='bbox 478 276 994 279; x_wconf 95' lang='lat' dir='ltr'> </span> 
     </span>
    </p>
   </div>
   <div class='ocr_carea' id='block_1_4' title="bbox 1496 276 1729 279">
    <p class='ocr_par' dir='ltr' id='par_1_4' title="bbox 1496 276 1729 279">
     <span class='ocr_line' id='line_1_4' title="bbox 1496 276 1729 279; baseline 0 0"><span class='ocrx_word' id='word_1_9' title='bbox 1496 276 1729 279; x_wconf 95' lang='lat' dir='ltr'> </span> 
     </span>
    </p>
   </div>
   <div class='ocr_carea' id='block_1_5' title="bbox 73 318 1777 3147">
    <p class='ocr_par' dir='ltr' id='par_1_5' title="bbox 73 318 1777 3147">
     <span class='ocr_line' id='line_1_5' title="bbox 81 318 1770 376; baseline 0 -15"><span class='ocrx_word' id='word_1_10' title='bbox 81 319 368 376; x_wconf 84' lang='lat' dir='ltr'>Superiorum</span> <span class='ocrx_word' id='word_1_11' title='bbox 401 320 613 361; x_wconf 86' lang='lat' dir='ltr'>sedulitas</span> <span class='ocrx_word' id='word_1_12' title='bbox 645 320 890 375; x_wconf 82' lang='lat' dir='ltr'>vigilanter</span> <span class='ocrx_word' id='word_1_13' title='bbox 921 319 1171 361; x_wconf 87' lang='lat' dir='ltr'>medeatur:</span> <span class='ocrx_word' id='word_1_14' title='bbox 1225 320 1295 361; x_wconf 85' lang='lat' dir='ltr'>Ex</span> <span class='ocrx_word' id='word_1_15' title='bbox 1327 318 1383 374; x_wconf 82' lang='lat' dir='ltr'>ijs</span> <span class='ocrx_word' id='word_1_16' title='bbox 1414 334 1533 373; x_wconf 85' lang='lat' dir='ltr'>vero,</span> <span class='ocrx_word' id='word_1_17' title='bbox 1568 335 1681 375; x_wconf 88' lang='lat' dir='ltr'>quae</span> <span class='ocrx_word' id='word_1_18' title='bbox 1714 319 1770 362; x_wconf 89' lang='lat' dir='ltr'>ad</span> 
     </span>
     <span class='ocr_line' id='line_1_6' title="bbox 78 389 1771 448; baseline 0.001 -17"><span class='ocrx_word' id='word_1_19' title='bbox 78 390 125 431; x_wconf 88' lang='lat' dir='ltr'>id</span> <span class='ocrx_word' id='word_1_20' title='bbox 157 390 357 432; x_wconf 88' lang='lat' dir='ltr'>conferre</span> <span class='ocrx_word' id='word_1_21' title='bbox 388 390 613 445; x_wconf 85' lang='lat' dir='ltr'>videntur,</span> <span class='ocrx_word' id='word_1_22' title='bbox 645 406 789 448; x_wconf 89' lang='lat' dir='ltr'>pauca</span> <span class='ocrx_word' id='word_1_23' title='bbox 819 405 940 433; x_wconf 89' lang='lat' dir='ltr'>nunc</span> <span class='ocrx_word' id='word_1_24' title='bbox 972 390 1260 446; x_wconf 83' lang='lat' dir='ltr'>attingemus.</span> <span class='ocrx_word' id='word_1_25' title='bbox 1322 390 1383 432; x_wconf 85' lang='lat' dir='ltr'>Et</span> <span class='ocrx_word' id='word_1_26' title='bbox 1413 389 1558 445; x_wconf 90' lang='lat' dir='ltr'>primo</span> <span class='ocrx_word' id='word_1_27' title='bbox 1591 391 1771 445; x_wconf 86' lang='lat' dir='ltr'>quidem</span> 
     </span>
     <span class='ocr_line' id='line_1_7' title="bbox 78 459 1770 517; baseline 0 -15"><span class='ocrx_word' id='word_1_28' title='bbox 78 475 170 502; x_wconf 92' lang='lat' dir='ltr'>non</span> <span class='ocrx_word' id='word_1_29' title='bbox 200 461 383 517; x_wconf 88' lang='lat' dir='ltr'>impune</span> <span class='ocrx_word' id='word_1_30' title='bbox 416 461 648 504; x_wconf 86' lang='lat' dir='ltr'>ferendum</span> <span class='ocrx_word' id='word_1_31' title='bbox 679 466 806 514; x_wconf 86' lang='lat' dir='ltr'>esset,</span> <span class='ocrx_word' id='word_1_32' title='bbox 839 461 894 503; x_wconf 89' lang='lat' dir='ltr'>ab</span> <span class='ocrx_word' id='word_1_33' title='bbox 926 461 993 516; x_wconf 83' lang='lat' dir='ltr'>ijs,</span> <span class='ocrx_word' id='word_1_34' title='bbox 1026 461 1103 517; x_wconf 90' lang='lat' dir='ltr'>qui</span> <span class='ocrx_word' id='word_1_35' title='bbox 1137 459 1297 516; x_wconf 84' lang='lat' dir='ltr'>studijs</span> <span class='ocrx_word' id='word_1_36' title='bbox 1328 459 1563 502; x_wconf 69' lang='lat' dir='ltr'>albioribus</span> <span class='ocrx_word' id='word_1_37' title='bbox 1593 465 1770 516; x_wconf 84' lang='lat' dir='ltr'>vacant,</span> 
     </span>
     <span class='ocr_line' id='line_1_8' title="bbox 78 530 1771 588; baseline -0.001 -16"><span class='ocrx_word' id='word_1_38' title='bbox 78 532 308 573; x_wconf 73' lang='lat' dir='ltr'>contemni</span> <span class='ocrx_word' id='word_1_39' title='bbox 347 537 390 573; x_wconf 89' lang='lat' dir='ltr'>et</span> <span class='ocrx_word' id='word_1_40' title='bbox 428 533 561 588; x_wconf 88' lang='lat' dir='ltr'>plane</span> <span class='ocrx_word' id='word_1_41' title='bbox 601 532 777 574; x_wconf 81' lang='lat' dir='ltr'>irrideri</span> <span class='ocrx_word' id='word_1_42' title='bbox 809 532 1142 574; x_wconf 77' lang='lat' dir='ltr'>Grammaticos</span> <span class='ocrx_word' id='word_1_43' title='bbox 1180 546 1232 573; x_wconf 88' lang='grc'>66</span> <span class='ocrx_word' id='word_1_44' title='bbox 1264 531 1511 572; x_wconf 81' lang='lat' dir='ltr'>Rhetores:</span> <span class='ocrx_word' id='word_1_45' title='bbox 1564 530 1611 571; x_wconf 91' lang='lat' dir='ltr'>id</span> <span class='ocrx_word' id='word_1_46' title='bbox 1651 532 1771 572; x_wconf 88' lang='lat' dir='ltr'>enim</span> 
     </span>
     <span class='ocr_line' id='line_1_9' title="bbox 75 602 1771 658; baseline 0 -15"><span class='ocrx_word' id='word_1_47' title='bbox 75 602 228 644; x_wconf 87' lang='lat' dir='ltr'>literas</span> <span class='ocrx_word' id='word_1_48' title='bbox 258 603 546 645; x_wconf 77' lang='lat' dir='ltr'>humaniores</span> <span class='ocrx_word' id='word_1_49' title='bbox 577 603 725 645; x_wconf 88' lang='lat' dir='ltr'>reddit</span> <span class='ocrx_word' id='word_1_50' title='bbox 755 602 949 644; x_wconf 87' lang='lat' dir='ltr'>odiosas:</span> <span class='ocrx_word' id='word_1_51' title='bbox 984 606 1028 644; x_wconf 86' lang='lat' dir='ltr'>et</span> <span class='ocrx_word' id='word_1_52' title='bbox 1048 602 1303 644; x_wconf 80' lang='lat' dir='ltr'>meminisse</span> <span class='ocrx_word' id='word_1_53' title='bbox 1323 602 1511 643; x_wconf 87' lang='lat' dir='ltr'>Nostros</span> <span class='ocrx_word' id='word_1_54' title='bbox 1534 605 1771 658; x_wconf 87' lang='lat' dir='ltr'>oporteret,</span> 
     </span>
     <span class='ocr_line' id='line_1_10' title="bbox 78 672 1772 730; baseline -0.001 -16"><span class='ocrx_word' id='word_1_55' title='bbox 78 673 287 715; x_wconf 88' lang='lat' dir='ltr'>arborum</span> <span class='ocrx_word' id='word_1_56' title='bbox 319 674 490 716; x_wconf 80' lang='lat' dir='ltr'>radices</span> <span class='ocrx_word' id='word_1_57' title='bbox 523 690 573 716; x_wconf 91' lang='lat' dir='ltr'>ac</span> <span class='ocrx_word' id='word_1_58' title='bbox 604 674 740 716; x_wconf 89' lang='lat' dir='ltr'>fibras</span> <span class='ocrx_word' id='word_1_59' title='bbox 772 689 863 715; x_wconf 89' lang='lat' dir='ltr'>non</span> <span class='ocrx_word' id='word_1_60' title='bbox 896 689 987 715; x_wconf 90' lang='lat' dir='ltr'>esse</span> <span class='ocrx_word' id='word_1_61' title='bbox 1023 673 1314 730; x_wconf 84' lang='lat' dir='ltr'>spernendas:</span> <span class='ocrx_word' id='word_1_62' title='bbox 1357 673 1523 729; x_wconf 83' lang='lat' dir='ltr'>quippe</span> <span class='ocrx_word' id='word_1_63' title='bbox 1556 673 1650 714; x_wconf 91' lang='lat' dir='ltr'>sine</span> <span class='ocrx_word' id='word_1_64' title='bbox 1681 672 1772 713; x_wconf 87' lang='lat' dir='ltr'>illis</span> 
     </span>
     <span class='ocr_line' id='line_1_11' title="bbox 75 743 1771 800; baseline -0.001 -15"><span class='ocrx_word' id='word_1_65' title='bbox 75 744 225 785; x_wconf 90' lang='lat' dir='ltr'>nullus</span> <span class='ocrx_word' id='word_1_66' title='bbox 241 749 355 786; x_wconf 87' lang='lat' dir='ltr'>esset</span> <span class='ocrx_word' id='word_1_67' title='bbox 370 745 685 800; x_wconf 86' lang='lat' dir='ltr'>virgultorum,</span> <span class='ocrx_word' id='word_1_68' title='bbox 712 743 937 798; x_wconf 80' lang='lat' dir='ltr'>foliorum,</span> <span class='ocrx_word' id='word_1_69' title='bbox 969 743 1144 798; x_wconf 85' lang='lat' dir='ltr'>florum,</span> <span class='ocrx_word' id='word_1_70' title='bbox 1170 743 1399 785; x_wconf 84' lang='lat' dir='ltr'>fructuum</span> <span class='ocrx_word' id='word_1_71' title='bbox 1417 744 1548 785; x_wconf 84' lang='lat' dir='ltr'>decor</span> <span class='ocrx_word' id='word_1_72' title='bbox 1565 758 1615 785; x_wconf 92' lang='lat' dir='ltr'>ac</span> <span class='ocrx_word' id='word_1_73' title='bbox 1630 758 1771 785; x_wconf 85' lang='lat' dir='ltr'>Venu-</span> 
     </span>
     <span class='ocr_line' id='line_1_12' title="bbox 74 814 1774 871; baseline 0 -15"><span class='ocrx_word' id='word_1_74' title='bbox 74 820 176 857; x_wconf 88' lang='lat' dir='ltr'>stas.</span> <span class='ocrx_word' id='word_1_75' title='bbox 212 816 415 858; x_wconf 83' lang='lat' dir='ltr'>Secundo</span> <span class='ocrx_word' id='word_1_76' title='bbox 436 816 486 857; x_wconf 91' lang='lat' dir='ltr'>in</span> <span class='ocrx_word' id='word_1_77' title='bbox 506 816 680 858; x_wconf 89' lang='lat' dir='ltr'>actibus</span> <span class='ocrx_word' id='word_1_78' title='bbox 701 820 744 857; x_wconf 89' lang='lat' dir='ltr'>et</span> <span class='ocrx_word' id='word_1_79' title='bbox 760 815 1058 857; x_wconf 89' lang='lat' dir='ltr'>conuentibus</span> <span class='ocrx_word' id='word_1_80' title='bbox 1074 814 1269 871; x_wconf 75' lang='lat' dir='ltr'>publicis</span> <span class='ocrx_word' id='word_1_81' title='bbox 1285 814 1549 856; x_wconf 84' lang='lat' dir='ltr'>inferiorum</span> <span class='ocrx_word' id='word_1_82' title='bbox 1566 814 1774 856; x_wconf 90' lang='lat' dir='ltr'>classium</span> 
     </span>
     <span class='ocr_line' id='line_1_13' title="bbox 73 885 1770 943; baseline 0 -16"><span class='ocrx_word' id='word_1_83' title='bbox 73 887 390 943; x_wconf 85' lang='lat' dir='ltr'>Praeceptores</span> <span class='ocrx_word' id='word_1_84' title='bbox 430 902 523 929; x_wconf 91' lang='lat' dir='ltr'>non</span> <span class='ocrx_word' id='word_1_85' title='bbox 557 888 561 942; x_wconf 79' lang='grc' dir='ltr'>Ι</span> <span class='ocrx_word' id='word_1_86' title='bbox 599 887 810 929; x_wconf 87' lang='lat' dir='ltr'>deberent</span> <span class='ocrx_word' id='word_1_87' title='bbox 850 885 986 942; x_wconf 84' lang='lat' dir='ltr'>abijci</span> <span class='ocrx_word' id='word_1_88' title='bbox 1024 886 1073 927; x_wconf 91' lang='lat' dir='ltr'>in</span> <span class='ocrx_word' id='word_1_89' title='bbox 1109 885 1331 939; x_wconf 78' lang='lat' dir='ltr'>tenebraS,</span> <span class='ocrx_word' id='word_1_90' title='bbox 1374 890 1454 927; x_wconf 91' lang='lat' dir='ltr'>aut</span> <span class='ocrx_word' id='word_1_91' title='bbox 1494 889 1613 927; x_wconf 87' lang='lat' dir='ltr'>stare</span> <span class='ocrx_word' id='word_1_92' title='bbox 1650 886 1770 927; x_wconf 83' lang='lat' dir='ltr'>inter</span> 
     </span>
     <span class='ocr_line' id='line_1_14' title="bbox 74 956 1770 1014; baseline -0.001 -16"><span class='ocrx_word' id='word_1_93' title='bbox 74 957 244 1011; x_wconf 72' lang='lat' dir='ltr'>turbas,</span> <span class='ocrx_word' id='word_1_94' title='bbox 276 958 354 999; x_wconf 89' lang='lat' dir='ltr'>sed</span> <span class='ocrx_word' id='word_1_95' title='bbox 383 958 503 999; x_wconf 92' lang='lat' dir='ltr'>inter</span> <span class='ocrx_word' id='word_1_96' title='bbox 534 957 831 1014; x_wconf 87' lang='lat' dir='ltr'>Philosophos</span> <span class='ocrx_word' id='word_1_97' title='bbox 863 962 907 999; x_wconf 88' lang='lat' dir='ltr'>et</span> <span class='ocrx_word' id='word_1_98' title='bbox 937 957 1189 1013; x_wconf 83' lang='lat' dir='ltr'>Theologos</span> <span class='ocrx_word' id='word_1_99' title='bbox 1209 957 1492 999; x_wconf 85' lang='lat' dir='ltr'>Professores</span> <span class='ocrx_word' id='word_1_100' title='bbox 1526 956 1770 1011; x_wconf 89' lang='lat' dir='ltr'>considere,</span> 
     </span>
     <span class='ocr_line' id='line_1_15' title="bbox 76 1026 1773 1085; baseline -0.001 -16"><span class='ocrx_word' id='word_1_101' title='bbox 76 1027 327 1069; x_wconf 90' lang='lat' dir='ltr'>cuiusmodi</span> <span class='ocrx_word' id='word_1_102' title='bbox 371 1027 515 1070; x_wconf 88' lang='lat' dir='ltr'>honor</span> <span class='ocrx_word' id='word_1_103' title='bbox 561 1028 723 1081; x_wconf 82' lang='lat' dir='ltr'>officio,</span> <span class='ocrx_word' id='word_1_104' title='bbox 769 1044 862 1071; x_wconf 90' lang='lat' dir='ltr'>non</span> <span class='ocrx_word' id='word_1_105' title='bbox 907 1028 1109 1085; x_wconf 85' lang='lat' dir='ltr'>personis</span> <span class='ocrx_word' id='word_1_106' title='bbox 1155 1028 1408 1082; x_wconf 87' lang='lat' dir='ltr'>haberetur,</span> <span class='ocrx_word' id='word_1_107' title='bbox 1460 1026 1510 1069; x_wconf 91' lang='lat' dir='ltr'>in</span> <span class='ocrx_word' id='word_1_108' title='bbox 1557 1027 1773 1084; x_wconf 81' lang='lat' dir='ltr'>Collegijs</span> 
     </span>
     <span class='ocr_line' id='line_1_16' title="bbox 75 1098 1774 1156; baseline -0.001 -16"><span class='ocrx_word' id='word_1_109' title='bbox 75 1099 354 1156; x_wconf 87' lang='lat' dir='ltr'>praesertim,</span> <span class='ocrx_word' id='word_1_110' title='bbox 394 1101 443 1141; x_wconf 94' lang='lat' dir='ltr'>in</span> <span class='ocrx_word' id='word_1_111' title='bbox 487 1099 652 1155; x_wconf 85' lang='lat' dir='ltr'>quibus</span> <span class='ocrx_word' id='word_1_112' title='bbox 689 1100 737 1141; x_wconf 91' lang='lat' dir='ltr'>id</span> <span class='ocrx_word' id='word_1_113' title='bbox 773 1115 859 1143; x_wconf 86' lang='lat' dir='ltr'>vsu</span> <span class='ocrx_word' id='word_1_114' title='bbox 895 1104 1126 1156; x_wconf 88' lang='lat' dir='ltr'>receptum</span> <span class='ocrx_word' id='word_1_115' title='bbox 1165 1104 1251 1141; x_wconf 90' lang='lat' dir='ltr'>est:</span> <span class='ocrx_word' id='word_1_116' title='bbox 1305 1099 1353 1140; x_wconf 91' lang='lat' dir='ltr'>in</span> <span class='ocrx_word' id='word_1_117' title='bbox 1385 1098 1572 1141; x_wconf 86' lang='lat' dir='ltr'>caeteris</span> <span class='ocrx_word' id='word_1_118' title='bbox 1604 1098 1774 1140; x_wconf 82' lang='lat' dir='ltr'>Rheto-</span> 
     </span>
     <span class='ocr_line' id='line_1_17' title="bbox 75 1169 1774 1226; baseline -0.001 -14"><span class='ocrx_word' id='word_1_119' title='bbox 75 1170 194 1212; x_wconf 91' lang='lat' dir='ltr'>ricae</span> <span class='ocrx_word' id='word_1_120' title='bbox 225 1171 383 1212; x_wconf 88' lang='lat' dir='ltr'>saltem</span> <span class='ocrx_word' id='word_1_121' title='bbox 413 1171 662 1213; x_wconf 83' lang='lat' dir='ltr'>Professori</span> <span class='ocrx_word' id='word_1_122' title='bbox 692 1172 730 1213; x_wconf 92' lang='lat' dir='ltr'>is</span> <span class='ocrx_word' id='word_1_123' title='bbox 760 1172 886 1213; x_wconf 91' lang='lat' dir='ltr'>locus</span> <span class='ocrx_word' id='word_1_124' title='bbox 918 1170 1170 1212; x_wconf 83' lang='lat' dir='ltr'>deferatur:</span> <span class='ocrx_word' id='word_1_125' title='bbox 1225 1169 1325 1226; x_wconf 81' lang='lat' dir='ltr'>alijs</span> <span class='ocrx_word' id='word_1_126' title='bbox 1363 1170 1478 1211; x_wconf 89' lang='lat' dir='ltr'>alius</span> <span class='ocrx_word' id='word_1_127' title='bbox 1517 1169 1651 1226; x_wconf 86' lang='lat' dir='ltr'>plane</span> <span class='ocrx_word' id='word_1_128' title='bbox 1682 1184 1774 1212; x_wconf 92' lang='lat' dir='ltr'>non</span> 
     </span>
     <span class='ocr_line' id='line_1_18' title="bbox 77 1241 1776 1298; baseline -0.001 -15"><span class='ocrx_word' id='word_1_129' title='bbox 77 1241 302 1283; x_wconf 90' lang='lat' dir='ltr'>obscurus.</span> <span class='ocrx_word' id='word_1_130' title='bbox 367 1242 519 1284; x_wconf 84' lang='lat' dir='ltr'>Tertio</span> <span class='ocrx_word' id='word_1_131' title='bbox 558 1242 608 1283; x_wconf 91' lang='lat' dir='ltr'>in</span> <span class='ocrx_word' id='word_1_132' title='bbox 646 1242 907 1298; x_wconf 86' lang='lat' dir='ltr'>ministerijs</span> <span class='ocrx_word' id='word_1_133' title='bbox 948 1241 1205 1284; x_wconf 88' lang='lat' dir='ltr'>domesticis</span> <span class='ocrx_word' id='word_1_134' title='bbox 1243 1241 1461 1283; x_wconf 80' lang='lat' dir='ltr'>obeundis</span> <span class='ocrx_word' id='word_1_135' title='bbox 1504 1255 1597 1282; x_wconf 90' lang='lat' dir='ltr'>non</span> <span class='ocrx_word' id='word_1_136' title='bbox 1629 1244 1776 1282; x_wconf 89' lang='lat' dir='ltr'>essent</span> 
     </span>
     <span class='ocr_line' id='line_1_19' title="bbox 76 1311 1775 1368; baseline 0 -14"><span class='ocrx_word' id='word_1_137' title='bbox 76 1327 216 1368; x_wconf 84' lang='lat' dir='ltr'>usque</span> <span class='ocrx_word' id='word_1_138' title='bbox 248 1313 357 1355; x_wconf 88' lang='lat' dir='ltr'>adeo</span> <span class='ocrx_word' id='word_1_139' title='bbox 391 1313 609 1355; x_wconf 87' lang='lat' dir='ltr'>onerandi</span> <span class='ocrx_word' id='word_1_140' title='bbox 640 1313 953 1368; x_wconf 75' lang='lat' dir='ltr'>Grammatici,</span> <span class='ocrx_word' id='word_1_141' title='bbox 998 1327 1078 1354; x_wconf 89' lang='lat' dir='ltr'>nec</span> <span class='ocrx_word' id='word_1_142' title='bbox 1116 1313 1262 1368; x_wconf 88' lang='lat' dir='ltr'>magis</span> <span class='ocrx_word' id='word_1_143' title='bbox 1303 1327 1440 1368; x_wconf 83' lang='lat' dir='ltr'>quam</span> <span class='ocrx_word' id='word_1_144' title='bbox 1472 1311 1636 1354; x_wconf 81' lang='lat' dir='ltr'>caeteri</span> <span class='ocrx_word' id='word_1_145' title='bbox 1667 1313 1775 1354; x_wconf 89' lang='lat' dir='ltr'>Pro-</span> 
     </span>
     <span class='ocr_line' id='line_1_20' title="bbox 76 1383 1774 1439; baseline -0.001 -13"><span class='ocrx_word' id='word_1_146' title='bbox 76 1383 275 1439; x_wconf 79' lang='lat' dir='ltr'>fessores,</span> <span class='ocrx_word' id='word_1_147' title='bbox 309 1399 409 1426; x_wconf 91' lang='lat' dir='ltr'>cum</span> <span class='ocrx_word' id='word_1_148' title='bbox 440 1384 512 1426; x_wconf 89' lang='lat' dir='ltr'>illi</span> <span class='ocrx_word' id='word_1_149' title='bbox 541 1399 634 1426; x_wconf 93' lang='lat' dir='ltr'>non</span> <span class='ocrx_word' id='word_1_150' title='bbox 663 1385 826 1439; x_wconf 75' lang='lat' dir='ltr'>minus,</span> <span class='ocrx_word' id='word_1_151' title='bbox 860 1384 937 1426; x_wconf 90' lang='lat' dir='ltr'>sed</span> <span class='ocrx_word' id='word_1_152' title='bbox 968 1385 1112 1426; x_wconf 89' lang='lat' dir='ltr'>multo</span> <span class='ocrx_word' id='word_1_153' title='bbox 1133 1384 1279 1439; x_wconf 87' lang='lat' dir='ltr'>magis</span> <span class='ocrx_word' id='word_1_154' title='bbox 1300 1384 1505 1425; x_wconf 89' lang='lat' dir='ltr'>laborent</span> <span class='ocrx_word' id='word_1_155' title='bbox 1525 1383 1574 1424; x_wconf 92' lang='lat' dir='ltr'>in</span> <span class='ocrx_word' id='word_1_156' title='bbox 1595 1383 1774 1438; x_wconf 78' lang='lat' dir='ltr'>Schola,</span> 
     </span>
     <span class='ocr_line' id='line_1_21' title="bbox 76 1454 1774 1512; baseline 0 -16"><span class='ocrx_word' id='word_1_157' title='bbox 76 1454 132 1510; x_wconf 87' lang='lat' dir='ltr'>ijs</span> <span class='ocrx_word' id='word_1_158' title='bbox 162 1455 428 1511; x_wconf 88' lang='lat' dir='ltr'>praesertim</span> <span class='ocrx_word' id='word_1_159' title='bbox 461 1455 630 1510; x_wconf 77' lang='lat' dir='ltr'>diebus,</span> <span class='ocrx_word' id='word_1_160' title='bbox 677 1456 841 1512; x_wconf 87' lang='lat' dir='ltr'>quibus</span> <span class='ocrx_word' id='word_1_161' title='bbox 874 1456 1078 1510; x_wconf 73' lang='lat' dir='ltr'>docetur,</span> <span class='ocrx_word' id='word_1_162' title='bbox 1120 1456 1199 1498; x_wconf 82' lang='lat' dir='ltr'>Vix</span> <span class='ocrx_word' id='word_1_163' title='bbox 1231 1455 1351 1496; x_wconf 87' lang='lat' dir='ltr'>enim</span> <span class='ocrx_word' id='word_1_164' title='bbox 1383 1454 1625 1510; x_wconf 88' lang='lat' dir='ltr'>aliquando</span> <span class='ocrx_word' id='word_1_165' title='bbox 1656 1454 1774 1496; x_wconf 82' lang='lat' dir='ltr'>inter</span> 
     </span>
     <span class='ocr_line' id='line_1_22' title="bbox 78 1525 1775 1583; baseline 0 -16"><span class='ocrx_word' id='word_1_166' title='bbox 78 1525 367 1568; x_wconf 86' lang='lat' dir='ltr'>scholasticos</span> <span class='ocrx_word' id='word_1_167' title='bbox 399 1531 444 1568; x_wconf 91' lang='lat' dir='ltr'>et</span> <span class='ocrx_word' id='word_1_168' title='bbox 475 1527 742 1569; x_wconf 89' lang='lat' dir='ltr'>domesticos</span> <span class='ocrx_word' id='word_1_169' title='bbox 773 1528 949 1569; x_wconf 89' lang='lat' dir='ltr'>labores</span> <span class='ocrx_word' id='word_1_170' title='bbox 979 1526 1233 1583; x_wconf 84' lang='lat' dir='ltr'>respirandi</span> <span class='ocrx_word' id='word_1_171' title='bbox 1263 1527 1386 1568; x_wconf 90' lang='grc'>106116</span> <span class='ocrx_word' id='word_1_172' title='bbox 1419 1530 1497 1581; x_wconf 88' lang='grc'>661,</span> <span class='ocrx_word' id='word_1_173' title='bbox 1536 1530 1589 1569; x_wconf 79' lang='lat' dir='ltr'>vt</span> <span class='ocrx_word' id='word_1_174' title='bbox 1620 1525 1775 1568; x_wconf 89' lang='lat' dir='ltr'>dicant</span> 
     </span>
     <span class='ocr_line' id='line_1_23' title="bbox 81 1597 1775 1655; baseline -0.001 -17"><span class='ocrx_word' id='word_1_175' title='bbox 81 1598 305 1652; x_wconf 84' lang='lat' dir='ltr'>nonnulli,</span> <span class='ocrx_word' id='word_1_176' title='bbox 348 1612 393 1639; x_wconf 89' lang='lat' dir='ltr'>se</span> <span class='ocrx_word' id='word_1_177' title='bbox 424 1598 472 1640; x_wconf 91' lang='lat' dir='ltr'>in</span> <span class='ocrx_word' id='word_1_178' title='bbox 503 1598 695 1655; x_wconf 83' lang='lat' dir='ltr'>pistrino</span> <span class='ocrx_word' id='word_1_179' title='bbox 726 1598 897 1641; x_wconf 85' lang='lat' dir='ltr'>versari</span> <span class='ocrx_word' id='word_1_180' title='bbox 927 1602 1024 1639; x_wconf 92' lang='lat' dir='ltr'>toto</span> <span class='ocrx_word' id='word_1_181' title='bbox 1055 1601 1265 1654; x_wconf 84' lang='lat' dir='ltr'>tempore,</span> <span class='ocrx_word' id='word_1_182' title='bbox 1300 1611 1388 1653; x_wconf 85' lang='lat' dir='ltr'>quo</span> <span class='ocrx_word' id='word_1_183' title='bbox 1421 1597 1775 1639; x_wconf 82' lang='lat' dir='ltr'>Grammaticam</span> 
     </span>
     <span class='ocr_line' id='line_1_24' title="bbox 77 1667 1775 1725; baseline -0.001 -15"><span class='ocrx_word' id='word_1_184' title='bbox 77 1668 252 1710; x_wconf 90' lang='lat' dir='ltr'>docent.</span> <span class='ocrx_word' id='word_1_185' title='bbox 316 1669 437 1711; x_wconf 81' lang='lat' dir='ltr'>Satis</span> <span class='ocrx_word' id='word_1_186' title='bbox 468 1669 608 1711; x_wconf 82' lang='lat' dir='ltr'>fuerit</span> <span class='ocrx_word' id='word_1_187' title='bbox 646 1670 959 1725; x_wconf 87' lang='lat' dir='ltr'>Praeceptores</span> <span class='ocrx_word' id='word_1_188' title='bbox 999 1669 1049 1710; x_wconf 91' lang='lat' dir='ltr'>in</span> <span class='ocrx_word' id='word_1_189' title='bbox 1086 1668 1361 1710; x_wconf 87' lang='lat' dir='ltr'>humilitatis</span> <span class='ocrx_word' id='word_1_190' title='bbox 1398 1682 1450 1710; x_wconf 89' lang='lat' dir='ltr'>ac</span> <span class='ocrx_word' id='word_1_191' title='bbox 1494 1667 1775 1709; x_wconf 65' lang='lat' dir='ltr'>obedientiae</span> 
     </span>
     <span class='ocr_line' id='line_1_25' title="bbox 77 1739 1776 1798; baseline -0.001 -17"><span class='ocrx_word' id='word_1_192' title='bbox 77 1740 302 1796; x_wconf 83' lang='lat' dir='ltr'>specimen</span> <span class='ocrx_word' id='word_1_193' title='bbox 341 1755 392 1782; x_wconf 92' lang='lat' dir='ltr'>ac</span> <span class='ocrx_word' id='word_1_194' title='bbox 432 1741 688 1798; x_wconf 86' lang='lat' dir='ltr'>exemplum</span> <span class='ocrx_word' id='word_1_195' title='bbox 725 1740 774 1782; x_wconf 89' lang='lat' dir='ltr'>in</span> <span class='ocrx_word' id='word_1_196' title='bbox 804 1740 1066 1782; x_wconf 85' lang='lat' dir='ltr'>huiusmodi</span> <span class='ocrx_word' id='word_1_197' title='bbox 1097 1739 1411 1781; x_wconf 83' lang='lat' dir='ltr'>functionibus</span> <span class='ocrx_word' id='word_1_198' title='bbox 1444 1739 1655 1796; x_wconf 86' lang='lat' dir='ltr'>occupari</span> <span class='ocrx_word' id='word_1_199' title='bbox 1685 1739 1776 1781; x_wconf 91' lang='lat' dir='ltr'>Do-</span> 
     </span>
     <span class='ocr_line' id='line_1_26' title="bbox 77 1810 1774 1868; baseline -0.001 -16"><span class='ocrx_word' id='word_1_200' title='bbox 77 1811 244 1853; x_wconf 90' lang='lat' dir='ltr'>minico</span> <span class='ocrx_word' id='word_1_201' title='bbox 279 1811 383 1867; x_wconf 91' lang='lat' dir='ltr'>(nisi</span> <span class='ocrx_word' id='word_1_202' title='bbox 414 1812 530 1853; x_wconf 89' lang='lat' dir='ltr'>alius</span> <span class='ocrx_word' id='word_1_203' title='bbox 560 1811 669 1868; x_wconf 87' lang='lat' dir='ltr'>ipsis</span> <span class='ocrx_word' id='word_1_204' title='bbox 697 1811 1028 1853; x_wconf 84' lang='lat' dir='ltr'>Professoribus</span> <span class='ocrx_word' id='word_1_205' title='bbox 1060 1811 1119 1852; x_wconf 91' lang='lat' dir='ltr'>sit</span> <span class='ocrx_word' id='word_1_206' title='bbox 1152 1811 1444 1866; x_wconf 87' lang='lat' dir='ltr'>commodior)</span> <span class='ocrx_word' id='word_1_207' title='bbox 1479 1810 1549 1852; x_wconf 85' lang='lat' dir='ltr'>die</span> <span class='ocrx_word' id='word_1_208' title='bbox 1580 1814 1774 1865; x_wconf 87' lang='lat' dir='ltr'>tantum,</span> 
     </span>
     <span class='ocr_line' id='line_1_27' title="bbox 78 1881 1774 1938; baseline -0.001 -14"><span class='ocrx_word' id='word_1_209' title='bbox 78 1883 196 1938; x_wconf 86' lang='lat' dir='ltr'>quod</span> <span class='ocrx_word' id='word_1_210' title='bbox 227 1897 349 1924; x_wconf 89' lang='lat' dir='ltr'>nunc</span> <span class='ocrx_word' id='word_1_211' title='bbox 380 1883 429 1924; x_wconf 89' lang='lat' dir='ltr'>in</span> <span class='ocrx_word' id='word_1_212' title='bbox 461 1883 665 1938; x_wconf 82' lang='lat' dir='ltr'>Collegio</span> <span class='ocrx_word' id='word_1_213' title='bbox 698 1884 904 1925; x_wconf 83' lang='lat' dir='ltr'>Romano</span> <span class='ocrx_word' id='word_1_214' title='bbox 937 1887 1156 1936; x_wconf 87' lang='lat' dir='ltr'>seruatur,</span> <span class='ocrx_word' id='word_1_215' title='bbox 1190 1882 1316 1924; x_wconf 90' lang='lat' dir='ltr'>cuius</span> <span class='ocrx_word' id='word_1_216' title='bbox 1350 1881 1695 1923; x_wconf 85' lang='lat' dir='ltr'>consuetudines</span> <span class='ocrx_word' id='word_1_217' title='bbox 1725 1881 1774 1922; x_wconf 90' lang='lat' dir='ltr'>in</span> 
     </span>
     <span class='ocr_line' id='line_1_28' title="bbox 78 1952 1774 2010; baseline -0.001 -15"><span class='ocrx_word' id='word_1_218' title='bbox 78 1953 266 1996; x_wconf 79' lang='lat' dir='ltr'>caeteris</span> <span class='ocrx_word' id='word_1_219' title='bbox 287 1954 500 2010; x_wconf 82' lang='lat' dir='ltr'>Collegijs</span> <span class='ocrx_word' id='word_1_220' title='bbox 523 1955 766 1996; x_wconf 89' lang='lat' dir='ltr'>seruandas</span> <span class='ocrx_word' id='word_1_221' title='bbox 797 1970 889 1996; x_wconf 85' lang='lat' dir='ltr'>esse</span> <span class='ocrx_word' id='word_1_222' title='bbox 909 1954 1171 2009; x_wconf 86' lang='lat' dir='ltr'>significant</span> <span class='ocrx_word' id='word_1_223' title='bbox 1193 1952 1566 1996; x_wconf 80' lang='lat' dir='ltr'>Constitutiones.</span> <span class='ocrx_word' id='word_1_224' title='bbox 1614 1953 1774 1994; x_wconf 89' lang='lat' dir='ltr'>Potius</span> 
     </span>
     <span class='ocr_line' id='line_1_29' title="bbox 79 2023 1774 2083; baseline -0.001 -17"><span class='ocrx_word' id='word_1_225' title='bbox 79 2024 318 2079; x_wconf 84' lang='lat' dir='ltr'>auditores,</span> <span class='ocrx_word' id='word_1_226' title='bbox 351 2025 389 2067; x_wconf 92' lang='lat' dir='ltr'>si</span> <span class='ocrx_word' id='word_1_227' title='bbox 416 2026 597 2081; x_wconf 86' lang='lat' dir='ltr'>quando</span> <span class='ocrx_word' id='word_1_228' title='bbox 629 2029 870 2083; x_wconf 88' lang='lat' dir='ltr'>oporteret,</span> <span class='ocrx_word' id='word_1_229' title='bbox 905 2025 1123 2067; x_wconf 87' lang='lat' dir='ltr'>onerandi</span> <span class='ocrx_word' id='word_1_230' title='bbox 1149 2029 1309 2079; x_wconf 86' lang='lat' dir='ltr'>essent,</span> <span class='ocrx_word' id='word_1_231' title='bbox 1344 2029 1423 2066; x_wconf 87' lang='lat' dir='ltr'>aut</span> <span class='ocrx_word' id='word_1_232' title='bbox 1455 2023 1550 2079; x_wconf 84' lang='lat' dir='ltr'>alij,</span> <span class='ocrx_word' id='word_1_233' title='bbox 1585 2039 1774 2079; x_wconf 85' lang='lat' dir='ltr'>quorum</span> 
     </span>
     <span class='ocr_line' id='line_1_30' title="bbox 78 2096 1776 2152; baseline 0.002 -15"><span class='ocrx_word' id='word_1_234' title='bbox 78 2111 240 2137; x_wconf 88' lang='lat' dir='ltr'>munus</span> <span class='ocrx_word' id='word_1_235' title='bbox 281 2096 469 2138; x_wconf 86' lang='lat' dir='ltr'>minoris</span> <span class='ocrx_word' id='word_1_236' title='bbox 507 2101 573 2138; x_wconf 91' lang='lat' dir='ltr'>est</span> <span class='ocrx_word' id='word_1_237' title='bbox 611 2097 890 2139; x_wconf 87' lang='lat' dir='ltr'>assiduitatis</span> <span class='ocrx_word' id='word_1_238' title='bbox 934 2101 978 2138; x_wconf 85' lang='lat' dir='ltr'>et</span> <span class='ocrx_word' id='word_1_239' title='bbox 1015 2096 1197 2151; x_wconf 87' lang='lat' dir='ltr'>laboris,</span> <span class='ocrx_word' id='word_1_240' title='bbox 1245 2111 1380 2152; x_wconf 88' lang='lat' dir='ltr'>quam</span> <span class='ocrx_word' id='word_1_241' title='bbox 1411 2097 1776 2152; x_wconf 77' lang='lat' dir='ltr'>Praeceptorum.</span> 
     </span>
     <span class='ocr_line' id='line_1_31' title="bbox 78 2166 1776 2224; baseline -0.001 -16"><span class='ocrx_word' id='word_1_242' title='bbox 78 2166 174 2209; x_wconf 85' lang='lat' dir='ltr'>Aut</span> <span class='ocrx_word' id='word_1_243' title='bbox 206 2167 243 2209; x_wconf 89' lang='lat' dir='ltr'>si</span> <span class='ocrx_word' id='word_1_244' title='bbox 273 2167 321 2209; x_wconf 90' lang='lat' dir='ltr'>id</span> <span class='ocrx_word' id='word_1_245' title='bbox 354 2168 451 2209; x_wconf 88' lang='lat' dir='ltr'>fieri</span> <span class='ocrx_word' id='word_1_246' title='bbox 480 2182 573 2209; x_wconf 91' lang='lat' dir='ltr'>non</span> <span class='ocrx_word' id='word_1_247' title='bbox 604 2172 765 2224; x_wconf 88' lang='lat' dir='ltr'>potest,</span> <span class='ocrx_word' id='word_1_248' title='bbox 807 2172 1031 2222; x_wconf 84' lang='lat' dir='ltr'>augeatur</span> <span class='ocrx_word' id='word_1_249' title='bbox 1068 2182 1280 2209; x_wconf 89' lang='lat' dir='ltr'>numerus</span> <span class='ocrx_word' id='word_1_250' title='bbox 1315 2167 1659 2209; x_wconf 85' lang='lat' dir='ltr'>Coadiutorum:</span> <span class='ocrx_word' id='word_1_251' title='bbox 1722 2166 1776 2207; x_wconf 89' lang='lat' dir='ltr'>Id</span> 
     </span>
     <span class='ocr_line' id='line_1_32' title="bbox 79 2238 1776 2296; baseline 0 -17"><span class='ocrx_word' id='word_1_252' title='bbox 79 2253 185 2280; x_wconf 85' lang='lat' dir='ltr'>vero</span> <span class='ocrx_word' id='word_1_253' title='bbox 219 2239 256 2280; x_wconf 91' lang='lat' dir='ltr'>si</span> <span class='ocrx_word' id='word_1_254' title='bbox 284 2253 367 2281; x_wconf 88' lang='lat' dir='ltr'>nec</span> <span class='ocrx_word' id='word_1_255' title='bbox 397 2239 616 2295; x_wconf 85' lang='lat' dir='ltr'>praestari</span> <span class='ocrx_word' id='word_1_256' title='bbox 646 2242 808 2296; x_wconf 87' lang='lat' dir='ltr'>potest,</span> <span class='ocrx_word' id='word_1_257' title='bbox 848 2239 938 2280; x_wconf 88' lang='lat' dir='ltr'>alia</span> <span class='ocrx_word' id='word_1_258' title='bbox 975 2239 1152 2280; x_wconf 88' lang='lat' dir='ltr'>ratione</span> <span class='ocrx_word' id='word_1_259' title='bbox 1192 2238 1514 2280; x_wconf 90' lang='lat' dir='ltr'>consulendum</span> <span class='ocrx_word' id='word_1_260' title='bbox 1546 2242 1613 2279; x_wconf 87' lang='lat' dir='ltr'>est</span> <span class='ocrx_word' id='word_1_261' title='bbox 1644 2238 1776 2279; x_wconf 87' lang='lat' dir='ltr'>Prae-</span> 
     </span>
     <span class='ocr_line' id='line_1_33' title="bbox 81 2308 1773 2366; baseline -0.001 -16"><span class='ocrx_word' id='word_1_262' title='bbox 81 2309 347 2366; x_wconf 83' lang='lat' dir='ltr'>ceptoribus,</span> <span class='ocrx_word' id='word_1_263' title='bbox 388 2311 467 2366; x_wconf 86' lang='lat' dir='ltr'>qui</span> <span class='ocrx_word' id='word_1_264' title='bbox 499 2326 553 2351; x_wconf 83' lang='lat' dir='ltr'>ex</span> <span class='ocrx_word' id='word_1_265' title='bbox 583 2310 794 2352; x_wconf 86' lang='lat' dir='ltr'>instituto</span> <span class='ocrx_word' id='word_1_266' title='bbox 826 2310 1054 2366; x_wconf 87' lang='lat' dir='ltr'>pertinent</span> <span class='ocrx_word' id='word_1_267' title='bbox 1085 2310 1142 2351; x_wconf 89' lang='lat' dir='ltr'>ad</span> <span class='ocrx_word' id='word_1_268' title='bbox 1175 2310 1449 2365; x_wconf 84' lang='lat' dir='ltr'>Collegium:</span> <span class='ocrx_word' id='word_1_269' title='bbox 1504 2308 1773 2364; x_wconf 84' lang='lat' dir='ltr'>Confessarij</span> 
     </span>
     <span class='ocr_line' id='line_1_34' title="bbox 79 2380 1775 2437; baseline -0.001 -14"><span class='ocrx_word' id='word_1_270' title='bbox 79 2395 186 2423; x_wconf 82' lang='lat' dir='ltr'>vero</span> <span class='ocrx_word' id='word_1_271' title='bbox 219 2396 273 2422; x_wconf 86' lang='lat' dir='ltr'>ex</span> <span class='ocrx_word' id='word_1_272' title='bbox 305 2381 587 2423; x_wconf 85' lang='lat' dir='ltr'>concessione</span> <span class='ocrx_word' id='word_1_273' title='bbox 626 2382 836 2437; x_wconf 84' lang='lat' dir='ltr'>quadam,</span> <span class='ocrx_word' id='word_1_274' title='bbox 874 2396 957 2423; x_wconf 88' lang='lat' dir='ltr'>nec</span> <span class='ocrx_word' id='word_1_275' title='bbox 996 2380 1232 2437; x_wconf 85' lang='lat' dir='ltr'>patiantur</span> <span class='ocrx_word' id='word_1_276' title='bbox 1261 2381 1473 2423; x_wconf 85' lang='lat' dir='ltr'>Rectores</span> <span class='ocrx_word' id='word_1_277' title='bbox 1503 2384 1775 2436; x_wconf 88' lang='lat' dir='ltr'>postremam</span> 
     </span>
     <span class='ocr_line' id='line_1_35' title="bbox 78 2451 1775 2508; baseline 0 -16"><span class='ocrx_word' id='word_1_278' title='bbox 78 2451 237 2493; x_wconf 88' lang='lat' dir='ltr'>haberi</span> <span class='ocrx_word' id='word_1_279' title='bbox 276 2467 430 2494; x_wconf 89' lang='lat' dir='ltr'>curam</span> <span class='ocrx_word' id='word_1_280' title='bbox 470 2467 635 2506; x_wconf 88' lang='lat' dir='ltr'>eorum,</span> <span class='ocrx_word' id='word_1_281' title='bbox 674 2467 864 2508; x_wconf 89' lang='lat' dir='ltr'>quorum</span> <span class='ocrx_word' id='word_1_282' title='bbox 903 2452 1052 2508; x_wconf 87' lang='lat' dir='ltr'>gratia</span> <span class='ocrx_word' id='word_1_283' title='bbox 1096 2456 1141 2493; x_wconf 91' lang='lat' dir='ltr'>et</span> <span class='ocrx_word' id='word_1_284' title='bbox 1177 2452 1330 2494; x_wconf 89' lang='lat' dir='ltr'>labore</span> <span class='ocrx_word' id='word_1_285' title='bbox 1367 2452 1552 2493; x_wconf 88' lang='lat' dir='ltr'>aluntur</span> <span class='ocrx_word' id='word_1_286' title='bbox 1597 2452 1775 2505; x_wconf 85' lang='lat' dir='ltr'>caeteri,</span> 
     </span>
     <span class='ocr_line' id='line_1_36' title="bbox 79 2521 1777 2579; baseline -0.001 -15"><span class='ocrx_word' id='word_1_287' title='bbox 79 2537 161 2564; x_wconf 90' lang='lat' dir='ltr'>nec</span> <span class='ocrx_word' id='word_1_288' title='bbox 190 2527 354 2579; x_wconf 85' lang='lat' dir='ltr'>putent</span> <span class='ocrx_word' id='word_1_289' title='bbox 385 2527 514 2579; x_wconf 86' lang='lat' dir='ltr'>grata</span> <span class='ocrx_word' id='word_1_290' title='bbox 546 2523 641 2566; x_wconf 87' lang='lat' dir='ltr'>fore</span> <span class='ocrx_word' id='word_1_291' title='bbox 673 2524 768 2566; x_wconf 90' lang='lat' dir='ltr'>Deo</span> <span class='ocrx_word' id='word_1_292' title='bbox 807 2538 1101 2579; x_wconf 86' lang='lat' dir='ltr'>quaecunque</span> <span class='ocrx_word' id='word_1_293' title='bbox 1140 2523 1316 2578; x_wconf 81' lang='lat' dir='ltr'>agimus</span> <span class='ocrx_word' id='word_1_294' title='bbox 1355 2538 1409 2565; x_wconf 81' lang='lat' dir='ltr'>ex</span> <span class='ocrx_word' id='word_1_295' title='bbox 1447 2522 1647 2576; x_wconf 88' lang='lat' dir='ltr'>consilio,</span> <span class='ocrx_word' id='word_1_296' title='bbox 1688 2521 1777 2563; x_wconf 90' lang='lat' dir='ltr'>nisi</span> 
     </span>
     <span class='ocr_line' id='line_1_37' title="bbox 79 2593 1771 2651; baseline 0 -17"><span class='ocrx_word' id='word_1_297' title='bbox 79 2593 202 2649; x_wconf 91' lang='lat' dir='ltr'>prius</span> <span class='ocrx_word' id='word_1_298' title='bbox 241 2593 431 2636; x_wconf 85' lang='lat' dir='ltr'>satisfiat</span> <span class='ocrx_word' id='word_1_299' title='bbox 469 2598 704 2651; x_wconf 88' lang='lat' dir='ltr'>praecepto</span> <span class='ocrx_word' id='word_1_300' title='bbox 737 2610 788 2636; x_wconf 87' lang='lat' dir='ltr'>ac</span> <span class='ocrx_word' id='word_1_301' title='bbox 830 2594 1044 2648; x_wconf 85' lang='lat' dir='ltr'>iustitiae,</span> <span class='ocrx_word' id='word_1_302' title='bbox 1084 2609 1139 2635; x_wconf 83' lang='lat' dir='ltr'>ex</span> <span class='ocrx_word' id='word_1_303' title='bbox 1178 2609 1267 2650; x_wconf 88' lang='lat' dir='ltr'>qua</span> <span class='ocrx_word' id='word_1_304' title='bbox 1303 2598 1308 2648; x_wconf 80' lang='grc' dir='ltr'>Ι</span> <span class='ocrx_word' id='word_1_305' title='bbox 1345 2593 1538 2651; x_wconf 79' lang='lat' dir='ltr'>populiS,</span> <span class='ocrx_word' id='word_1_306' title='bbox 1579 2608 1771 2648; x_wconf 83' lang='lat' dir='ltr'>quorum</span> 
     </span>
     <span class='ocr_line' id='line_1_38' title="bbox 80 2664 1773 2720; baseline 0 -15"><span class='ocrx_word' id='word_1_307' title='bbox 80 2664 228 2711; x_wconf 83' lang='lat' dir='ltr'>reditu</span> <span class='ocrx_word' id='word_1_308' title='bbox 260 2669 575 2720; x_wconf 88' lang='lat' dir='ltr'>sustentamur,</span> <span class='ocrx_word' id='word_1_309' title='bbox 609 2666 774 2707; x_wconf 89' lang='lat' dir='ltr'>bonam</span> <span class='ocrx_word' id='word_1_310' title='bbox 806 2666 1018 2707; x_wconf 85' lang='lat' dir='ltr'>debemus</span> <span class='ocrx_word' id='word_1_311' title='bbox 1050 2665 1302 2708; x_wconf 87' lang='lat' dir='ltr'>iuventutis</span> <span class='ocrx_word' id='word_1_312' title='bbox 1333 2665 1684 2718; x_wconf 86' lang='lat' dir='ltr'>institutionem,</span> <span class='ocrx_word' id='word_1_313' title='bbox 1720 2664 1773 2705; x_wconf 92' lang='lat' dir='ltr'>de</span> 
     </span>
     <span class='ocr_line' id='line_1_39' title="bbox 83 2735 1776 2793; baseline -0.001 -16"><span class='ocrx_word' id='word_1_314' title='bbox 83 2749 170 2790; x_wconf 87' lang='lat' dir='ltr'>qua</span> <span class='ocrx_word' id='word_1_315' title='bbox 216 2740 370 2778; x_wconf 87' lang='lat' dir='ltr'>tamen</span> <span class='ocrx_word' id='word_1_316' title='bbox 414 2750 507 2778; x_wconf 93' lang='lat' dir='ltr'>non</span> <span class='ocrx_word' id='word_1_317' title='bbox 552 2736 719 2793; x_wconf 88' lang='lat' dir='ltr'>optime</span> <span class='ocrx_word' id='word_1_318' title='bbox 765 2740 1004 2791; x_wconf 86' lang='lat' dir='ltr'>merentur,</span> <span class='ocrx_word' id='word_1_319' title='bbox 1057 2743 1102 2778; x_wconf 89' lang='lat' dir='ltr'>et</span> <span class='ocrx_word' id='word_1_320' title='bbox 1146 2737 1226 2779; x_wconf 83' lang='lat' dir='ltr'>vix</span> <span class='ocrx_word' id='word_1_321' title='bbox 1273 2741 1453 2778; x_wconf 88' lang='lat' dir='ltr'>nostrae</span> <span class='ocrx_word' id='word_1_322' title='bbox 1505 2735 1776 2791; x_wconf 90' lang='lat' dir='ltr'>obligationi</span> 
     </span>
     <span class='ocr_line' id='line_1_40' title="bbox 83 2807 1774 2864; baseline -0.001 -17"><span class='ocrx_word' id='word_1_323' title='bbox 83 2807 354 2862; x_wconf 88' lang='lat' dir='ltr'>respondent</span> <span class='ocrx_word' id='word_1_324' title='bbox 399 2807 727 2864; x_wconf 87' lang='lat' dir='ltr'>Praeceptores,</span> <span class='ocrx_word' id='word_1_325' title='bbox 773 2807 976 2863; x_wconf 87' lang='lat' dir='ltr'>quandiu</span> <span class='ocrx_word' id='word_1_326' title='bbox 1023 2822 1174 2849; x_wconf 85' lang='lat' dir='ltr'>amaro</span> <span class='ocrx_word' id='word_1_327' title='bbox 1222 2811 1327 2849; x_wconf 88' lang='lat' dir='ltr'>sunt</span> <span class='ocrx_word' id='word_1_328' title='bbox 1367 2807 1530 2849; x_wconf 87' lang='lat' dir='ltr'>animo.</span> <span class='ocrx_word' id='word_1_329' title='bbox 1603 2807 1774 2856; x_wconf 80' lang='lat' dir='ltr'>Quarto</span> 
     </span>
     <span class='ocr_line' id='line_1_41' title="bbox 84 2876 1774 2932; baseline 0 -15"><span class='ocrx_word' id='word_1_330' title='bbox 84 2890 162 2918; x_wconf 82' lang='lat' dir='ltr'>sua</span> <span class='ocrx_word' id='word_1_331' title='bbox 193 2891 370 2932; x_wconf 87' lang='lat' dir='ltr'>quoque</span> <span class='ocrx_word' id='word_1_332' title='bbox 402 2877 695 2919; x_wconf 79' lang='lat' dir='ltr'>Grammatici</span> <span class='ocrx_word' id='word_1_333' title='bbox 726 2879 1000 2920; x_wconf 88' lang='lat' dir='ltr'>recreatione</span> <span class='ocrx_word' id='word_1_334' title='bbox 1033 2893 1181 2920; x_wconf 91' lang='lat' dir='ltr'>carere</span> <span class='ocrx_word' id='word_1_335' title='bbox 1211 2892 1304 2920; x_wconf 91' lang='lat' dir='ltr'>non</span> <span class='ocrx_word' id='word_1_336' title='bbox 1337 2878 1513 2932; x_wconf 88' lang='lat' dir='ltr'>debent,</span> <span class='ocrx_word' id='word_1_337' title='bbox 1554 2877 1692 2918; x_wconf 90' lang='lat' dir='ltr'>semel</span> <span class='ocrx_word' id='word_1_338' title='bbox 1725 2876 1774 2917; x_wconf 88' lang='lat' dir='ltr'>in</span> 
     </span>
     <span class='ocr_line' id='line_1_42' title="bbox 83 2945 1772 3005; baseline -0.001 -17"><span class='ocrx_word' id='word_1_339' title='bbox 83 2945 364 2989; x_wconf 88' lang='lat' dir='ltr'>hebdomada</span> <span class='ocrx_word' id='word_1_340' title='bbox 384 2948 703 3004; x_wconf 89' lang='lat' dir='ltr'>pomeridianis</span> <span class='ocrx_word' id='word_1_341' title='bbox 724 2949 898 2991; x_wconf 84' lang='lat' dir='ltr'>Scholis</span> <span class='ocrx_word' id='word_1_342' title='bbox 918 2949 1196 3004; x_wconf 88' lang='lat' dir='ltr'>intermissis,</span> <span class='ocrx_word' id='word_1_343' title='bbox 1228 2952 1280 2991; x_wconf 88' lang='lat' dir='ltr'>Vt</span> <span class='ocrx_word' id='word_1_344' title='bbox 1301 2949 1575 3005; x_wconf 86' lang='lat' dir='ltr'>praecipitur</span> <span class='ocrx_word' id='word_1_345' title='bbox 1594 2951 1633 2991; x_wconf 82' lang='lat'>4.</span> <span class='ocrx_word' id='word_1_346' title='bbox 1650 2948 1772 2988; x_wconf 87' lang='lat' dir='ltr'>Part.</span> 
     </span>
     <span class='ocr_line' id='line_1_43' title="bbox 87 3016 1774 3076; baseline -0.001 -17"><span class='ocrx_word' id='word_1_347' title='bbox 87 3017 475 3060; x_wconf 84' lang='lat' dir='ltr'>Constitutionum</span> <span class='ocrx_word' id='word_1_348' title='bbox 524 3034 616 3075; x_wconf 88' lang='lat' dir='ltr'>cap.</span> <span class='ocrx_word' id='word_1_349' title='bbox 653 3022 720 3063; x_wconf 86' lang='lat'>13.</span> <span class='ocrx_word' id='word_1_350' title='bbox 752 3021 802 3061; x_wconf 83' lang='lat' dir='ltr'>F.</span> <span class='ocrx_word' id='word_1_351' title='bbox 853 3026 897 3062; x_wconf 91' lang='lat' dir='ltr'>et</span> <span class='ocrx_word' id='word_1_352' title='bbox 942 3021 1122 3076; x_wconf 84' lang='lat' dir='ltr'>Regula</span> <span class='ocrx_word' id='word_1_353' title='bbox 1153 3022 1223 3063; x_wconf 84' lang='lat'>40.</span> <span class='ocrx_word' id='word_1_354' title='bbox 1256 3020 1478 3073; x_wconf 85' lang='lat' dir='ltr'>Rectoris,</span> <span class='ocrx_word' id='word_1_355' title='bbox 1524 3019 1609 3072; x_wconf 84' lang='lat' dir='ltr'>vel,</span> <span class='ocrx_word' id='word_1_356' title='bbox 1658 3017 1696 3058; x_wconf 87' lang='lat' dir='ltr'>si</span> <span class='ocrx_word' id='word_1_357' title='bbox 1725 3016 1774 3057; x_wconf 91' lang='lat' dir='ltr'>id</span> 
     </span>
     <span class='ocr_line' id='line_1_44' title="bbox 85 3086 1774 3147; baseline -0.002 -17"><span class='ocrx_word' id='word_1_358' title='bbox 85 3088 209 3130; x_wconf 86' lang='lat' dir='ltr'>nullo</span> <span class='ocrx_word' id='word_1_359' title='bbox 240 3089 372 3131; x_wconf 91' lang='lat' dir='ltr'>modo</span> <span class='ocrx_word' id='word_1_360' title='bbox 403 3094 551 3145; x_wconf 89' lang='lat' dir='ltr'>potest</span> <span class='ocrx_word' id='word_1_361' title='bbox 582 3090 789 3144; x_wconf 90' lang='lat' dir='ltr'>obtineri,</span> <span class='ocrx_word' id='word_1_362' title='bbox 823 3105 848 3131; x_wconf 83' lang='lat' dir='ltr'>a</span> <span class='ocrx_word' id='word_1_363' title='bbox 878 3091 1068 3147; x_wconf 89' lang='lat' dir='ltr'>prandio</span> <span class='ocrx_word' id='word_1_364' title='bbox 1101 3090 1257 3132; x_wconf 88' lang='lat' dir='ltr'>diebus</span> <span class='ocrx_word' id='word_1_365' title='bbox 1285 3089 1535 3131; x_wconf 87' lang='lat' dir='ltr'>Dominicis</span> <span class='ocrx_word' id='word_1_366' title='bbox 1565 3086 1774 3129; x_wconf 88' lang='lat' dir='ltr'>rusticari</span> 
     </span>
    </p>
   </div>
   <div class='ocr_carea' id='block_1_6' title="bbox 156 3171 1538 3216">
    <p class='ocr_par' dir='ltr' id='par_1_6' title="bbox 156 3171 1538 3216">
     <span class='ocr_line' id='line_1_45' title="bbox 156 3171 1538 3216; baseline 0.001 -9"><span class='ocrx_word' id='word_1_367' title='bbox 156 3182 338 3208; x_wconf 79' lang='lat' dir='ltr'>Monumeuta</span> <span class='ocrx_word' id='word_1_368' title='bbox 357 3185 526 3209; x_wconf 77' lang='lat' dir='ltr'>Germaniae</span> <span class='ocrx_word' id='word_1_369' title='bbox 547 3184 741 3216; x_wconf 77' lang='lat' dir='ltr'>Paedagogica</span> <span class='ocrx_word' id='word_1_370' title='bbox 762 3185 783 3208; x_wconf 91' lang='lat' dir='ltr'>V</span> <span class='ocrx_word' id='word_1_371' title='bbox 1494 3171 1538 3204; x_wconf 71' lang='lat'>10</span> 
     </span>
    </p>
   </div>
   <div class='ocr_carea' id='block_1_7' title="bbox 1799 903 1912 934">
    <p class='ocr_par' dir='ltr' id='par_1_7' title="bbox 1799 903 1912 934">
     <span class='ocr_line' id='line_1_46' title="bbox 1799 903 1912 934; baseline 0.009 -7"><span class='ocrx_word' id='word_1_372' title='bbox 1799 911 1827 934; x_wconf 86' lang='lat' dir='ltr'>p.</span> <span class='ocrx_word' id='word_1_373' title='bbox 1849 903 1912 929; x_wconf 80' lang='lat'>205.</span> 
     </span>
    </p>
   </div>
   <div class='ocr_carea' id='block_1_8' title="bbox 1800 2610 1913 2642">
    <p class='ocr_par' dir='ltr' id='par_1_8' title="bbox 1800 2610 1913 2642">
     <span class='ocr_line' id='line_1_47' title="bbox 1800 2610 1913 2642; baseline -0.018 -7"><span class='ocrx_word' id='word_1_374' title='bbox 1800 2619 1830 2642; x_wconf 85' lang='lat' dir='ltr'>p.</span> <span class='ocrx_word' id='word_1_375' title='bbox 1852 2610 1913 2635; x_wconf 82' lang='lat'>206.</span> 
     </span>
    </p>
   </div>
  </div>
 </body>
</html>
