2143 3462
359 203 445 244 296
561 211 669 246 Ratio
697 213 899 248 studiorum
927 218 965 248 et
990 213 1245 249 institutiones
1270 212 1513 248 scholasticae
1539 213 1737 249 Societatis
1767 214 1859 250 Jesu
1884 215 1924 250 II

358 333 648 388 dogmatibus
695 333 948 390 disputant,
998 334 1053 376 ab
1093 350 1144 376 eo
1182 349 1274 376 non
1305 335 1504 386 recedat;
1546 335 1582 376 si
1613 350 1705 377 non
1738 337 1998 391 conveniat,
2037 353 2091 380 ex

362 418 517 445 eorum
548 404 688 445 variis
719 405 1077 461 expositionibus
1108 421 1205 447 eam
1236 405 1478 461 praeferat,
1510 406 1560 448 in
1592 422 1727 462 quam
1759 422 1785 449 a
1813 408 1969 449 multis
1998 408 2091 464 jam

359 473 489 515 annis
521 474 722 517 Ecclesia
754 490 921 531 magno
954 491 1173 518 consensu
1208 476 1382 519 videtur
1412 476 1685 533 propensior.

98 568 339 628 masagam...
501 568 544 615 8.
580 568 701 619 Quin
747 569 884 612 etiam
931 571 966 611 si
1015 571 1136 626 quod
1176 575 1242 612 est
1278 571 1384 613 fidei
1422 571 1606 627 dogma,
1648 572 1769 627 quod
1806 572 1896 614 fere
1935 588 2091 629 quam-

113 639 318 664 ⁶⁰¹¹fi¹‘'¹‘³¹¹‘¹³·
357 639 543 696 plurimi
574 641 732 682 Patres
770 646 849 683 aut
879 641 1100 697 Theologi
1143 656 1165 682 e
1205 641 1439 698 scripturis
1476 642 1665 698 probare
1698 643 2000 695 contendunt,
2045 644 2093 686 id

359 710 453 767 ipse
485 711 667 768 probari
697 712 803 754 inde
834 726 961 768 posse
991 727 1083 754 non
1115 717 1261 768 neget.

503 782 548 827 9.
584 783 634 825 Si
665 783 774 838 quid
807 783 866 824 sit
898 783 947 824 in
978 784 1287 826 Hebraeorum
1309 783 1549 837 Rabbinis,
1583 783 1704 838 quod
1734 784 1809 827 vel
1839 799 1920 841 pro
1951 785 2095 827 latina

147 852 286 877 ‘'i'³²¹¹¹‘¹³¹·
360 853 557 895 editione
606 853 796 909 vulgata
841 854 913 896 vel
965 869 1045 911 pro
1093 854 1341 897 Catholicis
1392 854 1684 909 dogmatibus
1732 855 1906 897 utiliter
1955 856 2096 912 possit

360 924 520 979 afferri,
554 925 601 966 id
632 925 698 966 ita
720 924 890 979 afferat,
923 929 976 967 ut
1006 925 1099 968 illis
1130 930 1367 982 propterea
1397 940 1490 967 non
1521 925 1731 968 conciliet
1763 926 2095 982 auctoritatem,

358 1011 414 1037 ne
447 995 504 1038 ad
536 1010 610 1037 eos
643 996 785 1051 aliqui
817 996 1087 1051 afficiantur,
1118 996 1380 1053 praesertim
1414 996 1451 1038 si
1483 995 1653 1039 fuerint
1685 1012 1739 1039 ex
1770 997 1838 1052 iis,
1880 997 1958 1053 qui
1995 1003 2096 1054 post

359 1066 529 1109 Christi
559 1067 746 1109 Domini
778 1072 980 1124 tempora
1011 1068 1301 1124 scripserunt.

110 1137 142 1162 ¹⁰
165 1139 250 1162 ἘΜ
271 1142 320 1162 ³¹¹²
498 1137 574 1183 10.
607 1139 663 1180 In
704 1139 889 1180 caeteris
926 1139 1242 1181 Rabbinorum
1280 1138 1411 1180 rebus
1450 1138 1792 1194 conquirendis,
1838 1143 1918 1182 aut
1959 1139 2096 1181 etiam

84 1174 232 1199 erroribus
253 1174 347 1198 rabbi-

114 1216 233 1269 ,3¹35ssss
237 1217 317 1270 ,1232
357 1209 582 1251 erroribus
603 1199 908 1265 exagitandis,
931 1210 1019 1251 nisi
1039 1210 1170 1252 valde
1192 1211 1387 1252 celebres
1407 1209 1516 1264 sint,
1550 1225 1642 1252 non
1664 1210 1858 1265 laboret,
1891 1211 2098 1266 idemque

358 1284 504 1322 servet
541 1280 590 1321 in
627 1281 831 1337 legendis
873 1281 1144 1337 quibusdam
1186 1281 1455 1324 Christianis
1495 1281 1831 1338 interpretibus,
1880 1282 1957 1338 qui
1997 1283 2098 1339 plus

358 1350 499 1393 nimio
538 1351 774 1394 Rabbinos
812 1352 956 1394 secuti
995 1356 1114 1395 sunt.
1177 1353 1334 1405 (18322
1381 1353 1459 1407 qm·
1499 1354 1605 1407 plus
1650 1353 1791 1395 nimio
1837 1358 1915 1395 aut
1960 1355 2097 1396 ‘nimis

358 1428 508 1465 temere
539 1424 715 1478 &arsenio
746 1439 824 1465 sno
855 1425 1170 1478 indulserunt.)

96 1494 337 1561 {flssmfflmffiffl
502 1493 570 1540 11.
604 1494 702 1536 Imo
718 1509 863 1551 neque
880 1495 1080 1552 punctiS,
1107 1495 1227 1550 quod
1248 1494 1564 1537 Rabbinorum
1585 1495 1823 1538 inventum
1840 1496 1946 1550 est,1
1963 1496 2098 1538 confi-

175 1566 254 1590 dnm·
360 1566 439 1608 dat
462 1565 721 1619 admodum,
744 1566 821 1608 sed
845 1565 1089 1622 diligenter
1109 1566 1354 1622 expendat,
1379 1566 1605 1623 quomodo
1626 1570 1790 1621 noster,
1816 1567 1889 1609 vel
1910 1566 2098 1623 Septua-

357 1636 507 1692 ginta,
540 1637 614 1678 vel
647 1637 824 1692 antiqui
854 1638 1124 1694 interpretes
1156 1636 1235 1679 alii
1256 1638 1471 1693 legerint,
1504 1653 1607 1680 cum
1638 1643 1807 1694 puncta
1827 1653 1919 1680 non
1937 1643 2096 1681 essent.

499 1706 573 1753 12.
598 1708 653 1749 In
665 1708 1134 1766 quolibetScripturae
1145 1709 1209 1750 lo-
1338 1709 1411 1756 12.
1444 1709 1585 1751 Initio
1625 1709 1733 1752 anni
1772 1710 1951 1765 regulas
1983 1710 2100 1753 circa

361 1794 424 1833 co,
436 1779 525 1821 nisi
535 1794 753 1835 magnum
765 1780 824 1821 sit
834 1784 877 1822 et
892 1795 1043 1823 morae
1055 1785 1100 1822 et
1112 1796 1212 1837 ope·
1248 1780 1664 1837 interpretationem
1681 1796 1713 1822 s.
1730 1781 1989 1837 Scripturae
2005 1781 2100 1823 bre-

358 1865 434 1892 rae
453 1851 666 1907 pretium,
687 1866 780 1893 non
802 1852 983 1894 haereat
1004 1852 1209 1907 nimium,
1249 1852 1367 1894 viter
1385 1852 1659 1909 praemittat.
1687 1852 1743 1893 In
1765 1852 1966 1907 quolibet
1982 1852 2101 1895 Scri-

358 1937 415 1963 ne
461 1922 575 1964 lenti
613 1922 727 1964 fiant
769 1938 1044 1980 progressus,
1092 1924 1212 1979 quod
1248 1928 1409 1980 pturae
1442 1924 1554 1977 loco,
1598 1923 1688 1964 nisi
1719 1938 1938 1978 magnum
1969 1923 2028 1966 sit
2060 1923 2101 1966 ei

359 1992 555 2035 maxime
588 1999 897 2050 consequetur,
937 1995 975 2036 si
1006 1995 1210 2037 faciliora
1247 2009 1397 2037 morae
1442 1999 1487 2036 et
1535 2009 1693 2051 operae
1739 1993 1957 2052 pretium,
2006 2010 2098 2038 non

359 2069 591 2120 percurrat
621 2065 696 2107 vel
727 2065 867 2107 etiam
900 2066 1095 2108 omittat.
1245 2066 1430 2109 haereat
1460 2070 1542 2107 etc.

103 2134 336 2195 Qssg‡{·g³gfl⁰¹·
500 2134 573 2182 13.
608 2136 903 2187 Quaestiones
941 2152 1167 2179 sacrarum
1208 2137 1543 2194 Scripturarum
1589 2136 1794 2194 proprias
1832 2136 2098 2180 scholastico

121 2207 299 2231 “fflffl‘daffi
362 2221 484 2249 more
515 2222 608 2249 non
642 2211 821 2250 tractet.

96 2278 336 2339 2Shf1¹‡,¹ss‚⁰¹÷‘ss³issfi.
494 2277 567 2325 14.
592 2279 648 2321 In
665 2279 793 2322 varia
810 2284 1064 2336 temporum
1074 2279 1211 2321 ratio·
1336 2278 1409 2326 14.
1443 2279 1786 2334 Chronologiae,
1796 2279 2099 2337 geographiae

149 2350 285 2375 ‘mum-
360 2364 416 2391 ne
432 2350 796 2406 pervestiganda,
812 2351 860 2392 in
877 2350 1211 2408 perscrutandis
1248 2351 1462 2406 antiquae
1501 2354 1546 2392 et
1583 2350 1922 2406 archaeologiae
1959 2351 2098 2407 expli-

360 2426 505 2462 terrae
536 2427 718 2464 sanctae
748 2422 857 2464 locis
890 2427 970 2464 aut
990 2422 1038 2464 in
1059 2421 1211 2478 hujus·
1249 2422 1416 2464 candae
1448 2437 1540 2463 non
1561 2421 1816 2476 inhaereat,
1846 2422 1934 2463 nisi
1955 2437 2096 2478 quan-

360 2492 484 2533 modi
525 2493 624 2534 aliis
661 2508 820 2549 parum
858 2493 1049 2535 utilibus
1080 2493 1211 2536 rebus
1249 2498 1346 2535 tum
1386 2493 1511 2534 locus
1549 2494 1657 2550 ipse,
1700 2507 1832 2548 quem
1871 2508 1976 2549 prae
2007 2508 2098 2535 ma-

361 2563 464 2615 (nisi
518 2563 643 2605 locus
698 2564 794 2621 ipse
840 2564 888 2606 id
934 2564 1091 2621 exigat
1138 2579 1214 2605 ne-
1250 2564 1384 2606 nibus
1433 2563 1586 2619 habet,
1638 2563 1794 2619 exigit.
1876 2563 2097 2607 Auctores

363 2634 568 2688 cessario)
616 2650 708 2677 non
754 2637 949 2678 multum
1000 2636 1214 2693 temporis
1252 2635 1446 2691 quidem,
1480 2635 1557 2691 qui
1589 2635 1643 2677 de
1674 2634 1744 2676 his
1765 2635 1942 2691 copiose
1964 2635 2097 2677 disse-

362 2709 520 2761 ponat3
570 2712 790 2761 auctores,
833 2707 911 2763 qui
950 2707 1005 2749 de
1037 2707 1108 2749 his
1140 2721 1213 2749 co-
1251 2710 1380 2760 runt,
1421 2712 1729 2764 opportunum
1766 2705 1852 2748 erit
1881 2706 2094 2749 indicare.

361 2775 485 2832 piose
502 2775 740 2831 disserunt,
764 2778 872 2820 satis
897 2778 983 2820 erit
998 2778 1212 2820 indicare.
1232 2781 1235 2834 ᾗ

110 2847 167 2871 Nec
187 2847 339 2878 ³¹¹“g⁰‘³¹⁵
498 2847 571 2892 15.
605 2848 863 2903 Allegorias
894 2854 939 2891 et
970 2848 1177 2903 moralia,
1211 2849 1249 2891 si
1280 2850 1549 2906 pervulgata
1579 2864 1673 2891 non
1703 2848 1795 2890 sint
1826 2851 1870 2889 et
1895 2846 1943 2888 in
1965 2860 2096 2887 sensu

89 781 228 806 Rahhinis
248 785 345 806 aucto-

102 816 172 841 ritas
195 824 249 841 nou
271 825 338 841 con-

177 1707 338 1731 Brevitatis

192 1742 337 1767 studium.

115 2886 143 2907 et
164 2883 333 2907 moralibus.

361 2919 459 2975 ipso
497 2918 664 2960 literali
703 2919 1034 2974 quodammodo
1081 2924 1190 2961 nata
1228 2918 1485 2973 videantur,
1533 2924 1669 2975 atque
1714 2918 1999 2974 ingeniosum
2045 2931 2096 2958 ac

362 2989 600 3046 perspicax
631 2988 806 3045 aliquid
837 3004 943 3046 prae
976 3005 1021 3032 se
1041 2990 1212 3044 ferant,
1245 3005 1302 3032 ne
1320 2992 1666 3046 praetermittat.
1730 2989 1854 3039 Quae
1876 2988 2094 3046 ejusmodi

361 3076 453 3103 non
484 3060 666 3114 fuerint,
700 3060 926 3116 significet
956 3064 1150 3114 tantum,
1185 3060 1349 3116 quibus
1381 3076 1434 3103 ex
1454 3060 1660 3118 patribus
1684 3060 1884 3118 depromi
1902 3059 2091 3117 possint.

509 3143 520 3163 ¹
548 3143 638 3179 1832
664 3154 730 3179 om.
759 3143 875 3187 „quod
901 3143 943 3177 R.
969 3142 1042 3178 inv.
1069 3148 1158 3178 est.“
