2148 3402
590 182 632 217 R.
658 186 705 218 st.
734 182 836 218 1586.
887 180 1001 216 class.
1020 180 1254 215 Rhetoricae.
1695 169 1781 211 199

81 320 190 348 num
231 304 371 347 libros
403 303 663 347 ediderunt:
704 301 750 344 id
783 302 902 344 enim
935 305 980 342 et
1010 300 1282 355 dignitatem
1315 298 1524 352 habebit,
1564 302 1608 339 et
1635 298 1781 340 adole-

79 375 306 420 scentibus
338 374 424 417 erit
454 374 512 417 ad
543 372 848 429 cognitionem
881 376 1198 429 Opportunum.
1245 371 1312 413 Ne
1344 370 1457 411 illud
1490 369 1670 424 quidem
1706 370 1780 411 ab-

82 446 217 489 fuerit
256 461 282 488 a
321 445 559 501 dignitate,
607 444 645 485 si
691 443 870 499 quando
917 443 965 484 in
1014 442 1098 484 hac
1145 442 1285 484 classe
1331 440 1513 497 phrases
1561 440 1776 494 quaedam

80 517 298 571 vtiliores,
321 521 401 558 aut
421 516 614 558 Latinae
636 515 819 570 linguae
841 513 1177 556 obseruationes
1196 512 1427 568 grauiores
1448 511 1780 567 exciperentur,

81 587 324 630 dummodo
357 602 411 629 ex
445 586 499 643 ijs
531 591 701 641 essent,
735 600 848 641 quae
870 601 895 627 a
915 584 1144 628 communi
1165 583 1435 639 vulgarique
1458 581 1782 623 consuetudine

80 658 304 702 recedant.

692 801 883 851 Divisio
922 802 1166 851 horarum.

277 885 441 934 Prima
479 885 600 934 hora
638 884 1040 943 antemeridiana,
1081 899 1203 948 quae
1244 883 1308 931 sit
1347 881 1593 930 semihora

439 983 542 1035 post
575 992 811 1020 commune
842 977 1117 1034 principium
1149 976 1416 1019 scholarum.

110 1050 347 1092 Recitetur
378 1051 636 1092 memoriter
668 1048 825 1091 Oratio
858 1049 918 1090 M.
943 1048 1094 1104 Tullij.
1158 1047 1487 1102 Praelegantur
1518 1047 1759 1101 praecepta

787 1121 1072 1163 Rhetoricae.

730 1205 954 1255 Secunda
992 1206 1126 1255 hora.

222 1304 427 1347 Dimidia
465 1311 509 1347 et
549 1309 790 1362 repetatur,
840 1309 885 1346 et
927 1304 1099 1361 aliquid
1143 1318 1169 1346 a
1206 1302 1438 1359 discipulis
1475 1299 1776 1356 compositum

80 1374 351 1430 corrigatur:
393 1375 564 1418 Thema
594 1390 701 1418 vero
742 1376 942 1418 breuiter
973 1391 999 1418 a
1030 1375 1249 1431 Magistro
1282 1373 1490 1426 dictetur,
1529 1370 1651 1427 quod
1683 1384 1776 1410 am-

80 1446 282 1503 plificent
327 1450 482 1504 postea
530 1446 751 1504 discipuli.
829 1446 1059 1503 Affigatur
1109 1445 1339 1488 interdum
1393 1443 1584 1486 alicuius
1631 1440 1777 1483 oratio

77 1516 260 1574 parieti,
300 1521 352 1559 vt
390 1521 669 1560 caeterorum
709 1518 928 1560 iuuenum
969 1531 1157 1559 censura
1199 1516 1460 1572 castigetur.
1524 1514 1692 1556 Versus
1733 1515 1778 1552 et

79 1588 226 1630 soluta
271 1588 415 1630 oratio
463 1588 621 1631 diebus
669 1589 857 1632 alternis
902 1588 1169 1631 scribantur.
1233 1586 1449 1645 Dilmidia
1487 1585 1629 1627 altera
1667 1583 1778 1625 hora
1800 1599 1901 1631 p.2‹.›·.·.

78 1659 241 1716 aliquis
286 1660 427 1702 Poeta
474 1664 716 1715 enarretur,
770 1660 933 1703 cursim
981 1665 1135 1702 tamen
1180 1663 1226 1701 et
1273 1659 1483 1712 breuiter,
1533 1660 1584 1698 vt
1623 1670 1692 1697 res
1731 1659 1776 1696 et

79 1730 261 1787 phrases
300 1730 433 1788 plane
471 1731 807 1787 intelligantur,
854 1736 900 1773 et
938 1732 1073 1789 paulo
1107 1734 1211 1774 ante
1242 1730 1380 1772 finem
1412 1727 1660 1770 semihorae
1694 1726 1775 1768 ali-

81 1801 191 1858 quid
222 1816 276 1844 ex
308 1801 376 1858 ijs,
411 1817 525 1858 quae
556 1804 760 1859 exposita
792 1807 918 1857 sunt,
951 1806 1192 1859 repetatur.

236 2005 371 2055 Hora
408 2007 566 2070 prima
602 2005 957 2071 pomeridiana,
999 2021 1120 2070 quae
1161 2006 1224 2054 sit
1263 2003 1466 2053 dimidia
1504 2003 1624 2052 hora

506 2091 609 2144 post
640 2087 833 2130 aliarum
865 2087 1120 2130 scholarum
1152 2086 1350 2128 initium.

82 2168 376 2225 Praelegatur
409 2169 565 2212 Oratio
597 2170 657 2212 M.
680 2170 819 2226 Tullij
834 2204 842 2225 ,
882 2170 960 2212 sed
998 2185 1091 2212 non
1123 2170 1216 2212 sine
1249 2170 1400 2225 aliqua
1431 2167 1778 2226 repetitiuncula

809 2242 866 2284 ad
897 2242 1046 2284 finem.

736 2327 960 2377 Secunda
996 2329 1130 2377 hora.

228 2426 411 2468 Graecis
441 2430 646 2469 vacetur:
685 2426 966 2483 explicentur
997 2441 1103 2468 vero
1137 2425 1475 2478 Demosthenes,
1508 2423 1779 2480 Xenophon,

85 2497 323 2551 Homerus,
347 2497 585 2552 Pindarus,
608 2497 859 2555 Euripides,
883 2497 1141 2555 Sophocles,
1162 2496 1464 2553 Thucydides.
1514 2496 1569 2537 In
1588 2509 1780 2552 quorum

85 2567 278 2610 lectione
309 2568 492 2624 longius
525 2573 639 2610 esset
661 2568 863 2625 quotidie
884 2567 1280 2626 progrediendum,
1314 2567 1497 2610 tametsi
1528 2566 1637 2608 satis
1667 2569 1781 2608 esset

86 2645 329 2695 quaternos
371 2647 450 2682 aut
493 2655 620 2682 senos
657 2640 844 2682 Autoris
883 2639 1087 2696 quotidie
1128 2639 1373 2682 versiculos
1415 2638 1624 2680 ediscere.
1687 2637 1781 2679 Nec

88 2710 330 2767 quicquam
373 2711 622 2768 explicetur
664 2726 690 2753 a
730 2711 972 2766 Magistro,
1030 2711 1150 2767 quod
1197 2710 1352 2753 statim
1401 2710 1456 2752 ab
1499 2708 1781 2751 auditoribus

87 2796 179 2824 non
210 2786 451 2839 repetatur.

229 2865 346 2908 Toto
376 2880 484 2908 vero
516 2880 633 2907 anno
666 2865 804 2907 semel
835 2864 1075 2906 minimum
1108 2870 1268 2907 octauo
1302 2878 1480 2920 quoque
1513 2863 1584 2905 die
1611 2862 1782 2904 soluta*

90 2936 268 2991 orati0*,
309 2936 444 2979 semel
476 2937 585 2978 item
617 2951 795 2978 carmen
828 2940 1095 2992 argumento
1136 2935 1366 2992 proposito
1400 2934 1685 2977 scribendum
1716 2931 1782 2973 vi-

90 3005 283 3050 deretur.
347 3007 552 3064 Singulis
585 3007 721 3049 etiam
753 3007 992 3050 minimum
1026 3006 1258 3048 mensibus
1286 3006 1435 3048 breuis
1463 3005 1615 3060 aliqua
1638 3002 1780 3045 oratio

89 3077 163 3120 vel
194 3092 373 3121 carmen
407 3079 631 3122 Graecum
663 3093 765 3122 cum
796 3078 962 3121 Latino
994 3078 1173 3135 publice
1203 3076 1608 3135 pronunciandum.
