2148 3402
642 193 683 226 R.
704 196 748 227 st.
773 192 870 236 1586,
933 190 1224 233 Disputationes.
1694 179 1776 221 105

90 312 182 354 sint
203 315 247 353 et
268 311 513 354 breuiores:
547 326 651 353 nam
685 309 868 351 defessis
901 308 1115 364 quicquid
1145 308 1253 349 boni
1275 308 1462 355 dicatur,
1496 308 1611 349 nihil
1632 312 1780 364 potest

92 397 183 424 esse
224 382 273 424 in
314 382 484 439 precio:
533 382 680 424 effluit
716 380 868 437 potius
909 379 1123 434 quicquid
1162 378 1437 421 insimditur:
1484 384 1528 420 (st
1566 380 1778 433 quoniam

91 453 287 495 varietas
319 468 369 494 ac
400 453 663 495 vicissitudo
686 451 859 507 gratior
889 454 955 491 est
977 451 1184 504 leuatque
1207 449 1491 491 audientium
1513 449 1780 503 sastiotatffin,

93 527 465 579 argumententur
506 527 711 578 quatuor,
757 536 948 577 quorum
991 521 1183 576 quilibet
1228 526 1495 574 argun'ienta
1534 520 1622 561 duo
1661 521 1780 562 intra

93 594 362 636 semihoram
403 593 702 636 examinanda
745 592 958 650 proferat.
1022 591 1223 641 Quinto
1268 606 1484 647 maguum
1526 590 1780 631 fructuosaer

92 665 414 722 disputationis
460 669 739 707 momentum
784 663 981 720 positum
1029 678 1121 705 esse
1167 667 1328 719 putent
1373 664 1687 718 Praeceptores
1734 662 1781 702 in

94 735 263 778 formae
294 736 442 791 rigore
475 735 712 777 seruando:
746 749 852 776 nam
885 749 935 776 ea
966 735 1171 790 neglecta
1202 750 1283 776 nec
1312 738 1680 789 argumentorum
1712 732 1782 774 vis

93 811 297 863 apparet,
344 822 427 848 nec
472 806 784 863 respondentis
832 821 1018 848 acumen
1066 821 1117 847 ac
1156 804 1340 847 solertia
1383 803 1655 858 agnoscitur,
1702 817 1782 844 nec

94 881 281 932 Vrgetur
320 877 536 919 articulus
568 877 863 931 difficultatis,
902 876 970 932 ijs,
1010 876 1088 931 qui
1120 875 1374 932 disputant,
1415 889 1459 915 se
1491 889 1534 915 se
1569 877 1724 915 mutuo
1758 888 1783 914 a

93 962 141 989 re
173 948 401 1005 proposita
433 948 745 1002 auocantibus,
776 963 858 990 nec
891 947 1117 989 auditores
1149 946 1401 1001 intelligere
1433 949 1640 1002 possunt,
1675 944 1783 1000 quid

94 1018 276 1060 tandem
308 1022 408 1075 post
439 1023 615 1061 tantam
647 1019 980 1061 contentionem
1002 1018 1299 1060 constitutum
1322 1017 1399 1058 sit:
1432 1031 1514 1058 nec
1537 1014 1783 1072 disputatio

93 1090 364 1146 transigitur
410 1091 505 1132 sine
563 1091 843 1133 audientium
893 1090 1186 1144 offendiculo,
1236 1103 1337 1130 cum
1382 1087 1602 1129 nonnulla
1648 1086 1785 1128 inter-

95 1165 323 1218 ponantur
343 1161 572 1204 interdum
594 1162 808 1218 carpendi
831 1161 1073 1217 aduersarij
1096 1160 1257 1216 gratia,
1292 1174 1483 1215 quorum
1507 1157 1785 1200 occasionem

93 1231 275 1288 praebet
317 1232 501 1275 licentia
548 1232 782 1274 deserendi
827 1231 1045 1274 formam:
1095 1247 1208 1288 quae
1249 1231 1286 1272 si
1325 1245 1476 1272 seuere
1516 1233 1783 1283 seruaretur,

95 1303 193 1359 ipsa
228 1317 308 1359 per
346 1318 391 1346 se
431 1304 682 1346 contineret
728 1304 777 1345 in
824 1304 970 1346 officio
1009 1303 1261 1359 loquentes:
1311 1301 1602 1343 offenduntur
1649 1299 1785 1341 etiam

95 1373 184 1416 viri
206 1389 379 1430 graues,
413 1375 533 1431 quod
554 1375 816 1432 disputandi
837 1375 959 1431 leges
980 1375 1288 1430 negligantur,
1321 1388 1434 1430 quae
1464 1373 1513 1414 in
1533 1371 1785 1413 illustribus

97 1445 353 1502 Academijs
393 1450 523 1488 tanto
568 1450 675 1488 sunt
715 1447 761 1487 in
799 1446 981 1501 honore,
1021 1451 1074 1489 Vt
1113 1445 1230 1487 nihil
1268 1444 1618 1500 ignominiosius
1651 1443 1784 1499 obijci

95 1517 236 1572 possit
257 1518 608 1572 argumentanti,
643 1532 777 1574 quam
796 1517 917 1574 quod
933 1532 1025 1559 non
1041 1516 1217 1574 probet,
1248 1516 1367 1573 quod
1384 1515 1532 1557 fuerat
1551 1518 1785 1570 negatum,

96 1591 175 1628 aut
216 1602 241 1629 a
279 1587 356 1630 filo
396 1594 625 1645 susceptae
667 1588 990 1646 disputationis
1030 1588 1231 1630 recedat:
1282 1588 1381 1638 Qua
1417 1587 1467 1629 in
1506 1601 1553 1628 re
1590 1600 1672 1627 nos
1705 1585 1786 1627 ali-

98 1658 279 1714 quando
317 1659 433 1701 male
473 1660 702 1715 audimus,
746 1675 828 1702 nec
866 1660 961 1701 sine
999 1674 1166 1714 magna
1203 1659 1381 1700 iactura
1420 1662 1518 1699 tum
1558 1657 1784 1714 temporiS,

97 1729 216 1785 quod
255 1734 624 1785 argumentorum
663 1731 814 1773 nullus
855 1734 1063 1772 cernatur
1101 1730 1261 1784 exitus,
1305 1744 1419 1785 quae
1458 1728 1630 1770 formae
1668 1729 1784 1770 ratio

94 1804 229 1856 atque
268 1801 375 1842 ordo
413 1801 588 1858 integer
629 1802 753 1844 breui
792 1802 1074 1856 dissolueret3
1120 1805 1219 1842 tum
1260 1799 1622 1854 existimationis,
1666 1798 1786 1854 quod

98 1870 300 1913 aberrare
331 1872 386 1914 ab
420 1873 770 1929 argumentandi
800 1873 946 1916 forma
977 1887 1129 1915 eorum
1158 1872 1236 1926 sit,
1272 1871 1349 1927 qui
1377 1871 1382 1928 1
1410 1870 1565 1925 fugere
1596 1870 1784 1925 malunt,

97 1956 234 1998 quam
275 1958 496 2000 pugnare,
545 1959 736 2001 cumque
783 1960 837 1987 ex
882 1945 1067 1987 aduerso
1115 1948 1234 1986 stare
1278 1957 1371 1985 non
1409 1943 1602 1999 possint,
1651 1941 1789 1997 varijs

99 2013 250 2056 omnia
282 2015 735 2070 tergiversationibus
765 2016 1016 2073 implicant.
1079 2016 1237 2071 Itaque
1260 2014 1338 2070 qui
1357 2013 1595 2071 respondet
1616 2016 1790 2070 repetat

99 2083 296 2140 primum
328 2087 765 2141 argumentationem
794 2087 1083 2144 propositam.
1146 2086 1320 2128 Deinde
1353 2085 1409 2127 ad
1430 2084 1697 2141 praemissas
1716 2084 1790 2125 vel

100 2156 464 2212 consequentiam
513 2158 634 2200 dicat
684 2159 880 2215 „Nego“,
929 2159 1001 2201 vel
1046 2158 1304 2214 „Concedoss‘
1356 2157 1608 2198 dumtaxat.
1671 2156 1789 2197 Nam

102 2225 469 2270 distinctionibus
505 2229 655 2271 minus
691 2229 949 2285 frequenter
986 2230 1204 2272 vtendum
1246 2233 1335 2270 est:
1385 2243 1485 2270 cum
1525 2227 1644 2268 enim
1684 2227 1789 2267 illae

103 2297 344 2340 crebriores
375 2304 481 2341 sunt
519 2304 563 2341 et
595 2300 857 2357 disputandi
889 2316 1067 2343 cursum
1105 2300 1432 2354 interturbant,
1471 2309 1515 2341 et
1549 2298 1790 2354 displicent

103 2370 539 2426 argumentantibus,
572 2376 618 2414 et
647 2372 845 2415 remedia
877 2372 1096 2429 quaedam
1126 2371 1339 2414 videntur
1370 2370 1566 2413 studiose
1589 2369 1791 2425 quaesita

103 2438 160 2481 ad
177 2440 496 2484 extrahendam
511 2442 877 2499 disputationem,
912 2443 1052 2485 donec
1069 2458 1176 2486 vera
1193 2448 1396 2485 occurrat
1410 2441 1590 2484 solutio.
1643 2440 1789 2482 Multo

103 2524 209 2552 vero
246 2512 423 2567 parcius
464 2513 744 2556 adhibendae
782 2519 887 2556 sunt
925 2514 1261 2568 declarationes,
1302 2514 1374 2555 vel
1413 2512 1549 2554 etiam
1580 2512 1790 2565 rationes,

106 2595 184 2623 our
221 2581 417 2637 quidque
455 2583 632 2626 dicatur
669 2589 749 2628 aut
794 2589 1003 2641 negetur3
1048 2585 1165 2627 nihil
1214 2584 1334 2626 enim
1375 2599 1425 2626 ea
1466 2599 1512 2625 re
1544 2583 1790 2636 molestiuS,

105 2654 365 2708 praesertim
405 2655 443 2696 si
475 2655 780 2698 obtrudantur
810 2656 969 2699 invitis
1001 2655 1436 2711 argumentantibus.
1501 2654 1702 2696 Tandem
1735 2654 1791 2695 ab

105 2721 215 2779 ipsis
245 2724 441 2780 Logicae
478 2725 766 2769 incunabulis
804 2727 868 2769 sic
905 2726 1203 2768 instituantur
1241 2727 1440 2780 iuvenes,
1480 2730 1530 2768 vt
1570 2725 1686 2767 nihil
1718 2740 1791 2767 eos

108 2793 252 2849 magis
290 2795 470 2851 pudeat,
515 2812 650 2852 quam
689 2813 715 2840 a
752 2798 899 2840 forma
931 2799 1154 2852 deiecisse,
1196 2803 1240 2840 et
1273 2797 1442 2840 nullius
1480 2797 1545 2838 rei
1578 2797 1788 2838 acriorem

109 2865 261 2920 exigat
297 2866 518 2909 rationem
558 2868 837 2925 Praeceptor,
877 2885 1013 2925 quam
1043 2873 1095 2912 vt
1127 2883 1275 2911 coram
1316 2884 1360 2910 se
1409 2867 1525 2909 nihil
1562 2868 1610 2909 in
1647 2867 1791 2908 forma

109 2939 334 2991 peccetur:
397 2942 663 2981 retractetur
716 2954 823 2983 Vero
883 2940 1037 2982 statim
1091 2939 1305 2995 quicquid
1356 2943 1591 2996 peccatum
1640 2937 1789 2981 fuerit.

113 3006 304 3049 Sexto
353 3007 594 3064 diligenter
649 3010 785 3052 etiarn
838 3012 1111 3065 obseruetur,
1168 3011 1287 3067 quod
1334 3010 1690 3053 Constitutiones
1742 3009 1790 3049 in

112 3078 152 3120 4.
175 3078 276 3120 Par.
311 3079 358 3120 O.
390 3084 430 3125 6.
465 3081 503 3132 ξ.
539 3080 604 3124 10.
673 3081 787 3137 „Qui
818 3086 1010 3139 praeest,
1041 3082 1274 3138 inquiunt,
1306 3079 1621 3138 disputationi,
1654 3094 1709 3121 ex
1740 3093 1791 3121 ea

1808 1897 1836 1921 p.
1849 1889 1910 1913 134.
