2143 3462
115 1626 296 1650 Domestieae

130 1662 297 1686 collationis

160 1699 261 1722 forma.

156 2543 305 2567 Privatum

159 2579 305 2604 studium.

75 2723 274 2753 Exponendae
295 2728 320 2747 et

97 2759 293 2789 disputandae

109 2795 282 2822 sententiae.

332 214 418 256 326
523 222 634 257 Ratio
662 221 866 257 studiorum
891 225 929 257 et
955 220 1209 257 institutiones
1235 220 1477 257 scholasticae
1504 218 1700 254 societatis
1728 217 1817 254 Jesu
1841 218 1880 253 II

1217 337 1353 379 sterio
1386 337 1588 379 laborem
1610 351 1775 394 ponere
1795 338 1983 395 possint,
2015 337 2067 379 il-

1217 407 1296 449 lud
1327 407 1376 448 in
1420 407 1683 450 universum
1726 407 1972 450 tenendum
2003 411 2070 450 est

1196 502 1198 516 ι
1216 478 1298 532 illi,
1316 477 1395 533 qui
1410 477 1466 520 ad
1480 477 1740 533 hujusmodi
1754 478 2069 535 compendium

1219 548 1539 606 explicandum
1574 549 1898 593 destinabitur:
1934 553 1972 594 1.
2004 549 2070 593 Ut

1197 640 1199 670 ;
1218 635 1269 662 ea
1280 620 1449 675 tradat,
1466 635 1580 675 quae
1590 619 1889 662 Provincialis
1900 620 2070 676 judicio

1198 697 1200 711 '
1218 705 1299 748 pro
1321 692 1559 747 regionum
1582 706 1633 733 ac
1655 696 1909 748 temporum
1927 691 2071 734 diver-

1219 763 1353 805 sitate
1386 763 1534 817 magis
1555 763 1807 804 necessaria
1829 767 1909 805 aut
1938 762 2072 805 utilia

1220 833 1511 876 videbuntur.
1575 838 1614 878 2.
1648 834 1713 876 Ut
1760 847 1851 875 non
1883 848 1984 876 oum
2015 834 2073 876 ri-

1221 919 1329 961 gore
1352 905 1624 947 scholastico
1655 906 1705 947 in
1733 904 2073 961 quaestionibus

1220 976 1446 1033 procedat,
1479 976 1556 1018 sed
1587 976 1642 1018 ad
1664 990 1869 1019 normam
1890 976 2073 1032 regulae

1222 1052 1409 1103 quartae
1451 1062 1524 1089 eas
1565 1047 1750 1090 evolvat
1787 1051 1923 1103 atque
1968 1061 2073 1090 con-

1222 1118 1384 1163 firmet.
1452 1122 1491 1162 3.
1525 1119 1591 1162 Ut
1629 1118 1796 1161 habeat
1835 1118 2075 1161 lectionem

1221 1190 1484 1247 hujusmodi
1537 1190 1741 1246 quotidie
1792 1189 1951 1232 saltem
1998 1204 2075 1246 per

1201 1249 1203 1270 ³
1221 1262 1391 1304 horam.
1440 1265 1480 1305 4.
1505 1261 1570 1304 Ut
1586 1261 1881 1318 repetitiones
1895 1266 1939 1303 et
1955 1276 2076 1304 exer-

1221 1333 1460 1375 citationes
1507 1338 1605 1375 tum
1646 1331 1939 1388 quotidianae
1978 1337 2076 1375 tum

1219 1404 1601 1446 hebdomadariae
1632 1405 1759 1458 fiant,
1793 1404 1950 1446 eodem
1981 1403 2074 1447 fere

1220 1475 1375 1531 modo,
1415 1490 1466 1518 ac
1508 1475 1563 1518 de
1610 1475 1859 1518 moralibus
1903 1475 2076 1519 dictum

1222 1553 1288 1590 est
1320 1562 1456 1605 supra
1487 1563 1579 1604 reg.
1615 1551 1654 1592 6.

479 1617 517 1663 7.
582 1619 631 1660 Si
669 1618 763 1674 ipse
804 1618 1075 1660 domesticae
1114 1634 1183 1660 ca·
1364 1620 1408 1665 8.
1472 1619 1523 1662 Si
1543 1620 1639 1677 ipse
1659 1620 1915 1675 theologiae
1934 1634 2078 1662 mora-

335 1704 465 1731 suum
489 1688 722 1731 collationi
740 1704 766 1731 a
789 1690 980 1732 Rectore
1001 1706 1055 1732 ex
1077 1691 1185 1732 Pro·
1221 1692 1277 1734 lis
1309 1691 1541 1733 Professor
1570 1706 1753 1733 casuum
1786 1691 2020 1734 collationi
2050 1707 2075 1734 a

336 1761 542 1803 vincialis
574 1761 847 1818 praescripto
886 1762 1185 1818 praeficiatur,
1222 1763 1414 1805 Rectore
1425 1777 1478 1804 ex
1489 1762 1790 1805 Provincialis
1801 1763 2074 1820 praescripto

1222 1834 1522 1891 praeficiatur,

336 1899 458 1944 hunc
491 1899 694 1946 ordinem
727 1909 891 1946 teneat.
954 1905 1159 1947 Primum
1191 1907 1427 1948 materiam
1466 1906 1688 1962 aliquam,
1730 1906 1784 1948 de
1823 1921 1911 1963 qua
1944 1906 2080 1948 disse-

335 1972 526 2015 rendum
587 1974 664 2029 sit,
711 1982 935 2032 proponat
981 1982 1025 2018 et
1073 1977 1305 2020 interdum
1357 1978 1496 2020 etiam
1537 1978 1713 2034 aliquid
1750 1978 1981 2035 pertinens
2021 1977 2078 2020 ad

337 2058 481 2097 usum,
522 2051 574 2087 ut
605 2046 659 2087 de
691 2047 824 2089 modo
857 2048 1171 2105 interrogandi
1201 2049 1526 2105 poenitentem,
1559 2049 1755 2091 remedia
1778 2065 1830 2092 ae
1849 2050 2080 2106 poeniten-

337 2117 425 2158 tias
459 2116 724 2175 imponendi
757 2124 801 2160 et
832 2119 993 2162 horum
1026 2120 1263 2163 similibus.
1326 2121 1502 2162 Deinde
1540 2120 1633 2177 ejus
1665 2120 1881 2162 materiae
1912 2120 2079 2177 praeci-

338 2201 428 2243 pua
461 2187 611 2245 capita
644 2204 695 2232 ac
727 2190 1027 2233 fundamenta
1058 2192 1247 2248 ipsemet
1279 2192 1452 2249 aperiat
1490 2192 1707 2247 breviter,
1740 2196 1793 2235 ut
1824 2192 2079 2248 generalem

339 2259 568 2314 quandam
600 2261 814 2304 notitiam
847 2278 900 2304 ac
931 2268 1149 2319 tanquam
1181 2263 1326 2306 lucem
1366 2263 1415 2305 in
1448 2278 1601 2305 omnes
1632 2263 1757 2305 illius
1788 2262 2076 2305 tractationis

338 2335 490 2387 partes
520 2332 757 2388 praebeat,
796 2339 894 2376 tum
933 2335 987 2376 de
1027 2334 1257 2391 proposita
1305 2336 1496 2377 materia
1533 2339 1622 2377 tres
1662 2340 1912 2391 quatuorve
1951 2349 2079 2376 casus

340 2401 517 2457 seligat,
550 2418 662 2459 quos
693 2404 741 2447 in
775 2405 1070 2449 collationum
1102 2406 1198 2447 loco
1227 2405 1386 2460 jubeat
1419 2406 1557 2462 affigi,
1590 2411 1749 2448 notato
1775 2406 1860 2461 die,
1893 2420 1981 2462 quo
2004 2421 2078 2448 ex-

340 2473 539 2515 cutiendi
571 2480 691 2517 sunt.

487 2546 530 2591 8.
595 2548 751 2601 (18322
793 2550 853 2603 9.)
916 2548 982 2590 De
1027 2548 1097 2590 his
1135 2549 1308 2591 casibus
1356 2548 1596 2605 propositis
1643 2549 1884 2591 consulant
1934 2548 2077 2604 aliqui

339 2615 518 2672 privato
551 2617 702 2661 studio
735 2619 905 2675 singuli
936 2619 1141 2676 singulos
1173 2624 1376 2662 auctores
1409 2635 1434 2662 a
1465 2620 1678 2662 Praeside
1710 2619 1987 2663 distributos.

485 2723 531 2766 9.
564 2727 668 2781 (10.)
732 2727 979 2782 Postquam
999 2726 1308 2781 convenerint,
1341 2728 1537 2783 primum
1560 2727 1672 2769 utile
1693 2731 1809 2768 esset
1830 2741 1856 2768 a
1872 2725 2077 2781 singulis,

346 2795 452 2851 quid
486 2809 592 2838 suus
624 2797 779 2839 doctor
810 2798 989 2852 habeat,
1022 2813 1156 2854 quam
1179 2798 1442 2840 brevissime
1474 2797 1648 2851 referri3
1681 2802 1779 2839 tum
1806 2797 1883 2853 qui
1905 2802 2079 2854 praeest

341 2867 590 2922 interroget
621 2868 714 2909 fere
747 2874 838 2910 tres
870 2872 1000 2925 (quos
1032 2869 1174 2911 satius
1207 2874 1273 2910 est
1296 2869 1565 2926 tempestive
1585 2867 1866 2925 praemoneri
1884 2873 1928 2909 et
1947 2868 2078 2909 vicis·
2134 2916 2136 2918 ¹

341 2937 426 2979 sim
458 2938 666 2993 variari),
706 2939 815 2994 quid
856 2939 1054 2982 sentiant
1100 2940 1153 2982 de
1192 2940 1337 2996 primo
1378 2955 1503 2996 casu3
1540 2944 1696 2997 postea
1737 2954 1792 2981 ex
1830 2939 1923 2993 his,
1963 2953 2077 2994 quae

342 3009 464 3051 dicta
483 3013 589 3051 sunt
610 3008 666 3050 ab
689 3008 793 3063 illis,
816 3010 1004 3066 colligat
1024 3010 1119 3067 ipse
1139 3010 1390 3053 doctrinam
1412 3011 1626 3054 tutiorem
1645 3015 1689 3052 et
1704 3009 2074 3067 probabiliorcm;

342 3081 497 3122 eodem
545 3080 707 3122 deinde
746 3081 902 3122 ordine
949 3096 1100 3123 casum
1150 3082 1396 3124 secundum
1437 3087 1482 3124 et
1519 3082 1714 3137 reliquos
1760 3081 1969 3137 deinceps
2007 3096 2077 3122 ca-

343 3151 444 3196 dem
476 3152 650 3196 ratione
682 3151 895 3196 excutiat.
949 3152 1048 3198 Illis
1079 3153 1256 3199 casibus
1289 3153 1352 3195 sic
1384 3153 1618 3211 explicatis
1651 3168 1677 3196 a
1698 3151 1909 3198 Praeside
1942 3166 2076 3213 quam
