2143 3462
188 358 214 381 q.
239 351 281 373 ll.
309 356 333 372 a.
356 350 380 375 l.

186 644 213 666 q.

238 636 278 658 18.
307 642 331 658 a.

304 500 328 519 11,
351 494 376 520 5,

282 785 308 806 q.
332 775 375 801 22).

267 2423 294 2444 q.
316 2416 359 2438 co,

353 634 380 658 4.

401 195 487 241 318
565 204 675 242 Ratio
701 203 905 243 studiorum
933 212 971 243 et
995 203 1255 244 institutiones
1282 202 1525 245 scholasticae
1552 206 1750 245 Societatis
1776 208 1867 246 Jesu
1893 205 1931 246 ΙῘ

519 330 593 370 An
635 328 784 371 viator
821 329 964 385 possit
1002 328 1166 370 habere
1210 328 1424 369 notitiam
1466 328 1725 370 evidentem
1766 330 2091 374 abstractivam

398 400 651 453 Trinitatis,
681 414 773 441 non
803 399 893 441 huc
924 400 1135 455 pertinet,
1168 399 1243 440 sed
1276 399 1333 441 ad
1365 400 1399 441 I.
1432 404 1622 456 partem.

540 471 766 527 Quicquid
799 471 852 512 de
884 471 1044 512 habitu
1076 470 1149 511 hic
1183 470 1405 526 disputari
1438 471 1550 511 solet
1579 470 1628 511 in
1661 473 1902 526 communi,
1935 488 2095 530 suppo-

396 550 534 586 natur
566 559 618 584 ex
652 541 947 598 Philosophia
978 542 1050 582 vel
1084 556 1138 582 ex
1176 542 1277 585 1Π.

542 615 667 664 Quae
701 614 899 655 actiones
932 612 1141 654 dicantur
1172 613 1410 666 humanae,
1444 628 1557 669 quae
1576 628 1667 655 non
1691 613 1927 668 humanae,
1962 631 2094 670 quae-

397 686 483 727 stio
515 690 584 727 est
617 689 638 729 1
672 685 731 726 II.

539 757 606 799 De
640 755 811 799 Christi
841 754 1059 796 sacrificio
1090 754 1326 796 incruento
1358 756 1406 797 in
1431 756 1582 798 Coena
1612 761 1657 798 et
1688 756 1742 798 de
1762 756 1937 798 ratione
1961 758 2094 798 sacri-

392 829 485 870 ficii
518 834 562 870 et
592 827 766 869 hostiae
796 827 845 867 in
877 825 1119 879 communi,
1153 826 1431 868 commodius
1461 827 1718 884 disputatur
1749 828 1798 869 in
1829 827 2017 869 materia
2039 829 2092 870 de

394 899 681 941 Eucharistia
713 902 756 939 et
788 897 943 948 Missa3
977 897 1087 937 item
1120 896 1174 937 de
1205 897 1454 939 sacerdotio
1475 899 1820 953 Melchisedech,
1853 904 1898 940 et
1929 904 1981 941 ut
2004 900 2093 942 fuit

395 971 541 1026 figura
576 969 758 1022 Christi,
791 968 950 1010 melius
981 973 1062 1022 est,
1095 973 1147 1009 ut
1179 967 1379 1024 disputet
1411 968 1630 1025 interpres
1663 970 1933 1026 Scripturae.

536 1041 640 1083 Non
678 1043 940 1097 repetantur
985 1039 1061 1081 hic
1106 1054 1219 1095 quae
1265 1040 1495 1096 pertinent
1536 1040 1592 1082 ad
1636 1040 2091 1097 praedestinationem

393 1112 630 1154 hominum
662 1116 707 1153 et
737 1110 1032 1166 Angelorum.

537 1182 801 1224 Omittenda
831 1181 1066 1236 videntur,
1107 1197 1219 1238 quae
1259 1182 1332 1224 1119
1370 1183 1581 1225 nonnulli
1619 1188 1818 1226 tractant
1856 1183 1909 1225 de
1948 1184 2090 1240 phan-

391 1254 564 1297 tasticis
594 1253 871 1310 imaginibus
903 1258 947 1295 et
978 1253 1117 1296 variis
1149 1254 1417 1296 daemonum
1449 1255 1749 1296 illusionibus,

533 1327 742 1368 Caeterae
773 1324 1057 1380 quaestiones
1089 1324 1145 1366 de
1176 1325 1495 1367 Incarnatione
1513 1330 1702 1382 possunt
1734 1325 1884 1367 omitti
1916 1331 2092 1382 praeter

390 1414 464 1439 sex
498 1398 609 1439 fere:
645 1411 836 1452 quarum
868 1396 1041 1452 prima
1073 1395 1132 1437 sit
1166 1396 1219 1438 de
1252 1396 1400 1439 officio
1432 1396 1709 1451 Mediatoris,
1742 1397 1819 1438 ubi
1852 1397 1985 1438 etiam
2012 1397 2090 1438 ali-

389 1469 498 1525 quid
541 1469 593 1510 de
626 1468 916 1510 invocatione
962 1467 1231 1509 Sanctorum
1269 1467 1507 1509 dicendum
1541 1472 1621 1512 est,
1659 1494 1707 1498 ——
1744 1467 2004 1509 Secunda
2037 1467 2090 1508 de

390 1540 695 1596 Conceptione
728 1539 780 1580 B.
814 1539 998 1580 Mariae.
1033 1565 1087 1571 --
1121 1539 1309 1581 Tertia
1340 1539 1395 1580 de
1427 1538 1657 1580 miraculis
1689 1538 1871 1592 Christi,
1903 1543 2089 1595 propter

389 1612 605 1667 quosdam
638 1611 886 1652 haereticos
918 1610 1063 1651 nostri
1083 1610 1313 1666 temporiS,
1347 1610 1424 1665 qui
1445 1610 1540 1651 vim
1560 1610 1880 1651 miraculorum
1903 1609 2089 1663 Christi,

387 1688 607 1739 quantum
640 1686 850 1738 possunt,
891 1681 1066 1723 elevare
1105 1691 1340 1723 conantur.
1403 1681 1645 1737 Disputare
1689 1686 1838 1723 autem
1871 1681 1925 1722 de
1957 1681 2091 1723 mira-

387 1754 500 1796 culis
533 1755 581 1795 111
614 1768 796 1809 genere,
837 1757 882 1793 et
919 1767 1032 1808 quae
1073 1753 1307 1809 possibilia
1346 1753 1439 1794 sint
1473 1754 1587 1807 Deo,
1620 1752 1816 1809 pertinet
1856 1752 1913 1794 ad
1954 1767 1994 1808 q.
2037 1752 2090 1793 de

387 1825 716 1881 omnipotentia
748 1824 834 1866 Dei
867 1823 915 1865 in
947 1824 982 1865 I.
1015 1829 1166 1880 parte,
1200 1824 1317 1866 nulli
1348 1838 1454 1866 vero
1477 1828 1704 1865 creaturae
1727 1838 1816 1864 esse
1838 1824 2087 1880 possibilia,

386 1898 477 1938 fere
523 1897 780 1952 disputatur
819 1895 867 1937 in
899 1895 1089 1937 materia
1128 1896 1181 1937 de
1214 1895 1416 1951 Angelis.
1455 1923 1502 1926 -—
1539 1895 1770 1949 Quarta,
1820 1910 1877 1936 an
1916 1894 2009 1936 sint
2040 1895 2088 1936 in

387 1967 566 2008 Christo
600 1967 714 2008 duae
747 1966 1031 2019 Filiationes3
1065 1966 1142 2007 sed
1173 1981 1265 2007 non
1297 1966 1553 2022 disputetur
1584 1967 1632 2007 in
1655 1981 1831 2021 genere,
1865 1981 1973 2007 num
1996 1980 2087 2007 una

386 2053 572 2079 numero
614 2038 834 2079 relatione
877 2037 1020 2093 possit
1062 2037 1293 2094 quippiam
1333 2038 1487 2078 referri
1530 2037 1585 2079 ad
1620 2037 1731 2079 duos
1764 2037 1994 2078 terminos
2034 2063 2081 2067 —

385 2110 617 2162 Quinta,
661 2124 717 2150 an
755 2109 872 2150 ratio
914 2109 1115 2164 superior
1153 2109 1212 2150 sit
1250 2124 1381 2165 passa
1420 2109 1468 2150 in
1511 2108 1705 2149 Christo,
1748 2133 1796 2137 —-
1829 2108 2000 2149 Sexta
2033 2107 2086 2149 de

386 2182 600 2223 descensu
634 2181 800 2222 Christi
836 2180 891 2222 ad
924 2181 1092 2221 inferos
1125 2184 1282 2222 contra
1315 2180 1570 2222 Calvinum.

846 2301 916 2349 De
958 2301 1285 2350 Sacramentis
1325 2302 1374 2349 iu
1415 2317 1608 2361 genere.

524 2395 750 2447 Quaestio,
784 2410 841 2436 an
876 2394 1216 2436 Sacramentum
1249 2395 1308 2435 sit
1338 2395 1383 2435 in
1418 2394 1568 2448 aliquo
1591 2393 1972 2449 praedicamentO,
1993 2408 2083 2434 11011

379 2467 559 2508 videtur
592 2467 835 2508 admodum
868 2466 1007 2521 digna
1039 2466 1282 2521 Theologo.

521 2539 687 2580 Utrum
711 2553 896 2594 semper,
928 2537 1066 2579 etiam
1088 2537 1135 2578 in
1159 2538 1258 2592 lege
1281 2541 1483 2589 naturae,
1517 2536 1655 2577 fuerit
1677 2535 1925 2576 necessaria
1958 2535 2083 2589 fides,

380 2624 471 2651 non
503 2609 590 2650 huc
623 2610 838 2666 pertinet,
873 2609 948 2650 sed
982 2609 1037 2650 ad
1072 2612 1096 2652 2
1130 2610 1188 2650 Π.

522 2681 688 2722 Utrum
721 2681 842 2721 Deus
880 2681 1022 2736 possit
1066 2680 1133 2721 uti
1179 2683 1382 2721 creatura
1422 2686 1637 2733 tanquam
1682 2679 1982 2719 instrumento
2024 2677 2081 2718 ad
2136 2713 2139 2722 ,

379 2751 634 2804 creandum,
667 2752 817 2806 potius
851 2756 916 2791 est
948 2752 982 2792 I.
1016 2751 1157 2807 partis
1188 2751 1236 2791 in
1269 2750 1458 2792 materia
1490 2750 1543 2791 (19
1577 2750 1814 2791 creatione.

1037 2871 1108 2919 Dc
1148 2871 1414 2935 Baptismo.

521 2965 586 3006 De
620 2965 986 3006 solemnitatibus
1018 2970 1063 3005 et
1095 2965 1356 3006 ceremoniis
1390 2963 1615 3020 Baptismi
1649 2963 1859 3005 breviter.

519 3036 645 3078 Nihil
680 3036 857 3076 dicatur
888 3036 943 3076 119
974 3036 1247 3090 cognatione
1270 3035 1494 3091 spirituali
1527 3035 1574 3075 in
1608 3033 1844 3090 Baptismo
1872 3032 2081 3085 contrahi
2128 3028 2130 3031 ’

376 3109 522 3162 solita,
558 3107 635 3149 sed
668 3107 724 3148 ad
756 3106 1101 3148 Matrimonium
1133 3106 1483 3147 transmittatur.
