2153 3467
181 1114 294 1139 Divnsio

171 1152 320 1181 temporis.

351 203 438 246 426

545 213 659 249 Ratio
684 213 887 249 studiorum
914 218 952 249 et
975 213 1232 251 institutiones
1256 212 1495 248 scholasticae
1522 213 1717 249 Societatis
1742 215 1831 250 Jesu
1856 215 1893 249 II

350 333 505 375 mestri
520 333 711 375 selectae
729 333 906 389 aliquae
918 349 969 376 ac
979 339 1199 391 purgatae
1216 332 1220 390 Ι
1237 331 1320 386 lae,
1346 331 1565 387 quaedam
1585 331 1695 374 item
1717 332 1879 374 selecta
1910 338 1954 375 et
1975 348 2078 390 pur-

351 404 507 447 Ovidii
523 408 622 446 tum
638 404 825 459 Elegiae
842 408 940 447 tum
954 405 1198 461 Epistolae,

350 475 491 517 altero
539 475 758 531 quaedam
801 475 911 518 item
955 476 1117 518 selecta
1156 480 1202 518 et

350 551 546 603 purgata
568 561 622 588 ex
647 547 842 602 Catullo,
875 546 1070 602 Tibullo,
1093 548 1200 589 Pro-

350 617 495 674 pertio
548 622 594 660 et
644 618 831 673 Virgilii
872 618 1075 673 Eclogis,
1127 618 1200 660 vel

349 689 488 731 etiam
520 688 627 731 libri
659 688 856 745 ejusdem
878 689 1064 743 Virgilii
1091 689 1200 732 faci-

349 760 504 814 liores,
544 765 596 802 ut
636 766 824 816 quartus
858 759 1198 816 Georgicorum,

349 831 538 887 quintus
558 835 603 873 et
624 832 841 888 septimus
864 830 1109 886 Aeneidos,
1144 846 1200 873 ex

349 902 532 945 Graecis
573 903 616 945 S.
653 902 1022 959 Chrysostomus,
1061 901 1198 945 Aeso-

348 988 447 1030 pus,
480 973 715 1030 Agapetus
747 977 793 1015 et
814 972 975 1016 horum
1015 973 1195 1016 similes.

493 1114 536 1161 2,
600 1114 777 1156 Divisio
824 1115 1039 1172 temporis
1088 1115 1197 1158 haec

349 1186 450 1228 erit.
512 1185 667 1228 Prima
706 1185 816 1228 hora
847 1186 1077 1229 matutina
1107 1202 1196 1229 me-

348 1257 533 1299 moriter
578 1257 792 1299 recitetur
830 1257 892 1299 M.
933 1258 1110 1301 Tullius
1153 1264 1198 1301 et

348 1329 660 1371 Grammatica
671 1328 990 1372 decurionibus
1002 1345 1010 1383 3
1029 1330 1198 1387 scripta

348 1415 374 1442 a
390 1400 708 1442 decurionibus
724 1400 913 1443 collecta
929 1401 1199 1458 Praeceptor

349 1470 560 1526 corrigat,
577 1470 726 1513 varias
743 1470 941 1526 interim,
967 1470 1020 1513 de
1034 1471 1198 1527 quibus

347 1541 469 1583 infra
520 1541 680 1597 regula
730 1547 914 1598 quarta,
967 1542 1198 1599 discipulis

348 1612 694 1656 exercitationes
740 1612 996 1669 injungens.
1032 1640 1085 1644 —
1121 1614 1197 1656 Se-

348 1684 496 1726 cunda
541 1683 651 1726 hora
695 1685 924 1726 matutina
970 1690 1199 1741 repetatur

347 1760 571 1812 postrema
602 1755 803 1798 breviter
826 1755 1056 1798 Ciceronis
1072 1771 1197 1813 prae-

347 1827 502 1882 lectio,
551 1841 762 1883 novaque
808 1842 886 1884 per
927 1827 1197 1870 semihoram

348 1898 597 1955 explicetur
653 1903 788 1954 atque
840 1900 1070 1954 exigatur,
1117 1914 1194 1956 po-

347 1974 513 2012 stremo
530 1969 682 2012 thema
707 1969 915 2012 dictetur.
938 1995 984 2001 —-
1022 1970 1197 2014 Ultima

347 2041 571 2083 semihora
600 2041 840 2096 matutina,
873 2041 1197 2098 grammaticae

347 2112 540 2154 lectione
571 2112 775 2169 repetita,
808 2127 928 2155 nova
948 2113 1197 2170 explicetur

348 2189 392 2225 et
440 2183 670 2239 exigatur,
723 2183 917 2226 admista
966 2183 1194 2227 interdum

349 2255 695 2297 concertatione.
744 2255 812 2297 Ac
842 2255 988 2312 primo
1015 2256 1196 2312 quidem

348 2326 552 2368 semestri
581 2330 820 2383 praecepta
849 2327 1197 2369 constructionis

349 2397 395 2438 in
427 2396 637 2439 inferiore
669 2397 824 2440 schola
855 2397 1025 2440 tradita
1047 2397 1198 2440 decur-

348 2473 518 2523 rantur,
551 2469 733 2525 propria
764 2467 974 2526 deinceps
1006 2484 1060 2511 ex
1098 2484 1197 2526 pro-

349 2540 463 2580 fesso
506 2539 807 2596 explicentur3
857 2540 1043 2582 alternis
1089 2556 1197 2583 vero

349 2609 506 2651 diebus
553 2610 662 2652 artis
706 2610 919 2653 metricae
959 2617 1198 2668 praecepta

350 2681 591 2736 generalia,
625 2681 801 2724 omissis
834 2682 1195 2739 exceptionibus,

349 2751 592 2809 posteriore
640 2757 791 2795 autem
830 2753 1031 2796 semestri
1075 2768 1196 2796 reco-

350 2823 472 2865 latur
503 2837 580 2878 per
611 2822 723 2865 duos
754 2824 993 2866 minimum
1026 2840 1197 2867 menses

350 2909 452 2950 pars
483 2893 564 2935 illa
595 2894 942 2950 (irammaticae,
986 2910 1100 2951 quae
1132 2900 1199 2936 est

350 2963 531 3021 propria
551 2964 721 3020 primae
742 2965 907 3020 classis,
940 2970 985 3007 et
1012 2966 1198 3007 alternis

351 3034 508 3076 diebus
541 3049 611 3076 ars
649 3035 859 3089 metrica,
898 3036 1078 3091 regulas
1108 3036 1197 3092 jam

350 3106 598 3163 explicatas
644 3105 842 3148 breviter
888 3106 1198 3163 percurrendO,

1237 407 1344 457 gata
1391 417 1447 444 ex
1488 403 1687 457 Catullo,
1726 403 1931 459 Tibullo,
1970 405 2078 446 Pro-

1236 473 1382 529 pertio
1435 478 1479 515 et
1522 473 1707 530 Virgilii
1753 474 1956 530 Eclogis,
2005 476 2078 517 vel

1237 545 1372 586 etiam
1409 544 1518 587 libri
1555 544 1752 601 ejusdem
1790 545 1974 601 Virgilii
2011 547 2077 588 fa-

1238 615 1428 671 ciliores,
1458 621 1511 659 ut
1534 620 1721 672 quartus
1743 616 2078 672 Georgicorum,

1237 686 1422 742 quintus
1442 691 1488 730 et
1508 687 1724 745 septimus
1744 688 1968 730 Aeneidos
1985 704 1993 742 ;
2025 704 2080 730 ex

1237 758 1422 800 Graecis
1455 759 1499 801 S.
1531 759 1889 816 Chrysostomus,
1928 759 2080 802 Xeno-

1235 829 1358 885 phon
1398 834 1445 872 et
1482 829 1643 873 horum
1673 830 1851 872 similes.
1914 830 2080 887 Aliqua

1237 900 1373 942 etiam
1415 916 1468 943 ex
1500 901 1783 958 mythologia
1823 901 1925 956 (nisi
1964 901 2080 944 forte

1236 971 1285 1013 in
1345 972 1494 1015 media
1555 973 1852 1029 grammatica
1910 973 2081 1015 factum

1235 1041 1391 1096 fuerit)
1422 1043 1672 1086 tradantur.

1354 1112 1398 1160 2.
1461 1113 1638 1156 Divisio
1698 1114 1914 1171 temporis
1974 1114 2083 1157 haec

1238 1184 1334 1226 erit.
1396 1185 1532 1227 Mane
1573 1185 1720 1228 tribus
1758 1185 1915 1242 primis
1946 1185 2082 1227 horae

1236 1255 1562 1311 quadrantibus
1584 1256 1839 1299 memoriter
1869 1257 2082 1299 recitetur

1236 1330 1392 1369 auctor
1411 1327 1583 1370 latinus
1605 1332 1650 1370 et
1668 1328 1966 1384 grammatica
1985 1333 2082 1370 tum

1235 1398 1382 1441 latina
1419 1403 1517 1441 tum
1557 1414 1716 1454 graeca
1747 1399 2081 1451 decurionibus;

1236 1470 1404 1527 scripta
1436 1485 1462 1512 a
1492 1470 1808 1514 decurionibus
1829 1471 2016 1513 collecta
2037 1475 2081 1513 et

1239 1556 1392 1584 eorum
1411 1547 1543 1584 notas
1571 1543 1841 1600 Praeceptor
1867 1557 2080 1599 recogno-

1237 1617 1349 1662 scat3
1372 1627 1477 1655 mox
1496 1629 1519 1655 e
1537 1614 1862 1669 grammaticae
1872 1629 2078 1671 praecep-

1236 1684 1307 1739 tis,
1318 1699 1431 1740 quae
1442 1684 1499 1726 ad
1506 1684 1622 1727 hanc
1631 1685 1830 1727 scholam
1839 1686 2079 1742 pertinent,

1235 1755 1408 1812 aliquid
1449 1756 1711 1813 explicetur.
1752 1782 1807 1787 —
1846 1756 2081 1799 Semiliora

1235 1842 1508 1883 consequens
1565 1827 1841 1884 corrigendis
1900 1828 2080 1884 publice

1234 1898 1556 1956 scriptionibus
1579 1899 1880 1956 impendatur.
1906 1925 1955 1930 -—
1981 1899 2078 1941 Tri-

1235 1970 1318 2012 bus
1350 1969 1454 2012 dein
1487 1970 1816 2027 quadrantibus
1852 1974 2081 2027 repetatur

1233 2045 1459 2098 postrema
1491 2041 1685 2083 auctoris
1715 2041 1969 2098 praelectio,
2002 2057 2080 2084 no-

1234 2127 1380 2168 vaque
1413 2112 1660 2169 explicetur
1693 2117 1827 2168 atque
1858 2112 2080 2167 exigatur.

1238 2210 1288 2215 -—
1323 2184 1499 2227 Ultima
1520 2183 1740 2225 semihora
1770 2183 1954 2239 linguae
1986 2198 2081 2226 ver-

1235 2255 1421 2297 naculae
1437 2259 1482 2297 et
1496 2254 1750 2297 accessoriis
1767 2254 2005 2296 tribuatur.
2026 2279 2078 2286 —-

1553 2631 1565 2644 N
1585 2627 1587 2629 ,
1812 2624 1816 2631 ,

1500 2659 1637 2731 §a
1648 2705 1665 2720 .
1813 2686 1823 2729 ·.
1837 2665 1869 2710 -'
1876 2685 1896 2729 ἐ

1477 2729 1634 2806 3325}
1646 2759 1661 2788 Ι
1677 2719 1734 2819 1³⁴¹
1749 2766 1783 2801 4„
1810 2749 1885 2766 '¹
1895 2740 1920 2777 ἦ

1491 2778 1627 2860 ,ᾐμῖῗεὶἕ
1674 2801 1735 2857 w·-
1749 2804 1764 2818 ι
1809 2831 1851 2853 ·'.
1862 2793 1875 2860 i.
1888 2849 1891 2853 ›
1909 2798 1951 2804 Μ-

1491 2842 1657 2915 W‘f‘ff
1682 2854 1800 2923 ‘singu
1899 2872 1903 2876 ”

1517 2908 1527 2916 ²
1556 2877 1725 2951 ήῇὴᾛ
1745 2901 1818 2941 με*
1851 2898 1907 2933 ,χ

1623 2940 1648 2980 ,ζ
1672 2943 1755 3021 yps&
1769 2935 1810 2972 X&
1842 2977 1868 2991 Α
