2084 3441
182 968 198 981 ι.
221 958 265 982 27.

285 167 342 210 42
463 175 575 212 Ratio
603 175 806 212 studiorum
832 179 870 212 et
895 175 1153 213 institutiones
1180 175 1422 212 scholasticae
1447 175 1641 212 Societatis
1667 175 1757 214 Jesu
1781 178 1820 215 II

285 297 452 340 destiae
482 298 567 350 lex,
599 302 651 339 vt
683 297 969 339 offendantur
1009 298 1143 339 etiam
1182 302 1226 339 et
1264 297 1321 339 ad
1358 297 1632 339 calumniam
1675 303 1976 354 prouocentur

285 370 473 423 externi,
505 369 668 425 quibus
700 369 858 410 melius
890 368 1036 410 resisti
1067 383 1159 409 11011
1189 371 1349 424 potest,
1384 382 1519 423 quam
1558 369 1847 411 consensione
1886 370 1977 412 No-

284 445 493 484 strorum.
533 440 742 495 Augetur
762 446 805 481 et
825 439 1014 495 penuria
1045 438 1367 495 professorum3
1402 453 1493 480 non
1525 439 1647 481 enim
1678 444 1744 481 est
1775 440 1976 483 omnium

283 525 411 568 posse
443 510 531 552 sibi
565 525 690 552 suam
713 509 927 551 fabricari
949 509 1265 565 Theologiam:
1298 514 1350 552 vt
1372 510 1544 552 interea
1565 510 1652 552 loci
1673 516 1976 567 praetereatur

283 582 601 624 detrimentum
634 581 733 637 piae
766 580 1074 622 meditationis
1108 595 1158 622 ac
1191 580 1458 635 deuotioniS,
1493 582 1564 623 0111
1597 596 1641 624 se
1660 597 1819 625 vacare
1849 597 1977 639 posse

283 658 454 709 negant
485 653 619 695 multi
656 666 878 693 nouarum
916 666 1065 693 rerum
1108 652 1341 694 molitione
1380 651 1580 694 distenti.
1653 653 1791 696 Nulla
1834 653 1977 709 igitur

284 726 354 768 vis
387 725 516 766 illata
549 729 616 765 est
649 721 858 778 ingenijs,
901 737 1001 764 cum
1035 727 1078 764 et
1108 723 1252 765 multa
1282 724 1456 779 reliqua
1488 726 1546 765 sit
1586 724 1785 777 libertas,
1824 729 1868 767 et
1905 724 1978 766 de-

283 797 502 838 finiantur
541 800 718 851 recepta
756 798 952 847 tantum,
986 798 1065 836 aut
1097 793 1228 836 valde
1260 794 1528 850 probabilia,
1578 795 1631 837 de
1677 795 1841 851 quibus
1880 795 1976 838 iure

285 869 497 924 conqueri
529 868 681 910 nullus
711 870 880 923 potest;
927 870 971 906 et
1012 865 1048 906 si
1089 880 1176 920 qua
1207 865 1279 907 vis
1317 870 1444 919 esset,
1484 865 1602 907 bono
1641 865 1894 907 securitatis
1934 870 1978 907 et

286 939 550 982 concordiae
573 941 901 994 compensatur,
931 938 936 990 Ι
965 936 1229 992 tolliturque
1255 937 1405 979 nescio
1438 936 1564 978 cuius
1599 936 1816 979 vanitatis
1853 950 1978 978 occa-

284 1011 363 1063 sio,
403 1025 491 1065 qua
532 1009 692 1051 ductus
736 1008 900 1063 aliquis
947 1013 1095 1064 posset
1137 1007 1270 1049 malle
1313 1008 1494 1065 propria
1535 1008 1770 1050 venditare
1807 1007 1979 1063 qualia·

284 1082 435 1138 qualia
467 1081 570 1133 sint,
604 1095 741 1135 quam
772 1094 987 1136 vsurpare
1019 1079 1288 1132 communia,
1321 1095 1402 1121 nec
1432 1085 1527 1121 tam
1562 1094 1719 1135 cupere
1740 1078 1978 1121 Societatis

281 1167 447 1195 nomen
484 1151 725 1204 illustrare,
768 1166 903 1206 quani
946 1150 1190 1207 proprium.
1268 1150 1543 1192 Huiusmodi
1586 1150 1623 1191 si
1670 1149 1748 1205 qui
1793 1148 1976 1203 fuerint,

282 1224 446 1265 mirum
477 1237 569 1265 non
601 1222 698 1275 erit,
732 1222 770 1263 si
789 1221 906 1263 hanc
928 1219 1184 1274 formulam,
1217 1235 1332 1276 quae
1360 1220 1589 1263 communi
1611 1220 1807 1263 deseruit
1828 1219 1980 1262 existi-

283 1294 490 1347 mationi,
522 1308 614 1336 non
645 1293 850 1350 probent.

426 1364 681 1406 Secundum
729 1367 865 1420 caput
911 1362 1092 1405 ducitur
1139 1378 1194 1405 ex
1237 1363 1496 1406 autoritatis
1537 1380 1588 1406 ac
1630 1363 1979 1406 existimationis

282 1436 470 1490 iactura,
500 1434 794 1492 quamjfaciet
815 1434 1028 1488 Societas,
1061 1435 1257 1491 primum
1290 1435 1396 1490 quia
1427 1435 1522 1477 eius
1552 1435 1819 1491 professores
1846 1449 1981 1477 vnam

285 1522 437 1549 omnes
500 1506 754 1549 doctrinam
814 1510 1033 1561 tanquam
1095 1506 1367 1548 cantilenam
1428 1506 1630 1548 occinere
1690 1506 1980 1550 videbuntur.

283 1578 459 1620 Deinde
503 1577 609 1633 quia
655 1577 920 1619 Nostrorum
964 1576 1213 1632 Theologia
1252 1592 1345 1620 non
1391 1578 1562 1620 nitetur
1604 1577 1775 1632 insigni
1829 1576 1979 1632 aliquo

283 1650 478 1692 Doctore
509 1663 587 1705 per
618 1648 770 1690 omnia
802 1649 1042 1704 sequendo,
1075 1649 1221 1705 qualis
1252 1654 1320 1692 est
1353 1650 1397 1692 S.
1419 1649 1626 1703 Thomas,
1661 1649 1717 1691 ob
1745 1663 1877 1704 quem
1900 1647 1981 1690 ali-

282 1721 361 1776 qui
392 1720 615 1775 Religiosi
634 1719 791 1775 magni
812 1719 941 1774 fiunt,
975 1720 1239 1775 suauiorem,
1268 1721 1508 1774 vtiliorem,
1541 1719 1979 1763 honorificentiorem

281 1791 405 1833 nacti
423 1791 560 1844 viam,
584 1805 719 1846 quam
740 1805 834 1844 1105,
867 1791 1012 1847 magis
1035 1792 1171 1833 etiam
1195 1792 1281 1833 sibi
1310 1791 1679 1845 consentientem,
1713 1805 1815 1833 cum
1836 1805 1977 1833 vnum

282 1866 527 1918 sequantur
558 1866 781 1914 autorem;
815 1868 970 1904 contra
1006 1878 1112 1905 vero
1145 1878 1247 1905 cum
1290 1862 1400 1905 haec
1437 1862 1632 1904 formula
1671 1862 1730 1903 sit
1762 1861 1980 1917 quaedam

284 1933 549 1990 opinionum
582 1932 786 1974 collectio
819 1948 872 1974 ex
893 1934 1031 1989 varijs
1063 1934 1351 1989 Doctoribus,
1383 1949 1475 1976 non
1506 1934 1642 1975 habet
1664 1948 1761 1974 eam
1781 1932 1979 1989 partium

284 2005 621 2058 connexionem,
663 2011 714 2046 vt
747 2020 889 2047 vnum
922 2005 1152 2047 doctrinae
1191 2020 1350 2062 corpus
1389 2004 1565 2047 efficiat.
1629 2004 1834 2059 Denique
1873 2003 1980 2059 quia

283 2076 490 2118 doctrina
524 2076 763 2119 Societatis
800 2091 892 2117 non
931 2076 1333 2131 commendabitur,
1378 2081 1430 2119 vt
1468 2075 1601 2118 modo
1641 2091 1667 2117 a
1706 2074 1980 2117 doctissimis

281 2148 394 2190 viris
426 2147 778 2201 commendatur,
812 2147 932 2202 quod
954 2148 1123 2201 Nostri,
1155 2162 1247 2189 non
1268 2148 1349 2190 vni
1366 2152 1545 2190 tantum
1567 2147 1754 2189 Doctori
1786 2161 1862 2188 seu
1893 2145 1981 2188 for-

282 2220 431 2262 mulae
465 2219 657 2275 alligati,
692 2218 739 2260 in
772 2219 983 2260 omnibus
1014 2218 1106 2260 sint
1138 2218 1306 2275 optime
1337 2218 1518 2261 versati.

423 2291 549 2332 Haec
571 2289 672 2343 tria,
707 2290 743 2331 si
764 2294 884 2331 recte
910 2290 1257 2347 perpendantur,
1282 2289 1624 2347 amplificabunt
1645 2288 1796 2346 potius
1825 2288 1981 2331 existi-

283 2362 530 2403 mationem
576 2366 790 2402 nostram.
869 2361 936 2402 Ac
981 2361 1191 2417 primum,
1240 2361 1360 2416 quod
1406 2361 1463 2403 ad
1508 2360 1740 2402 doctrinae
1784 2359 1980 2417 pertinet

284 2432 522 2485 vnitatem,
556 2431 665 2474 noui
696 2432 812 2474 nihil
843 2432 1127 2489 praecipitur.
1193 2431 1605 2474 Constitutionibus
1635 2431 1683 2472 id
1715 2436 1897 2473 cautum
1916 2434 1983 2472 est

219 2524 233 2546 κ
257 2541 263 2546 .
286 2506 324 2547 3.
349 2504 472 2545 Part.
500 2504 606 2559 Cap.
634 2508 669 2546 1.
704 2508 740 2556 ξ.
765 2506 831 2546 18.
864 2502 919 2559 ijs
950 2503 1123 2545 verbis:
1159 2503 1430 2557 „Doctrinae
1462 2502 1719 2544 differentes
1749 2517 1843 2544 non
1870 2503 1875 2558 Ι
1904 2502 1980 2544 ad-

283 2574 542 2627 mittantur,
575 2590 656 2616 nec
687 2575 825 2617 verbo
856 2574 905 2616 in
938 2574 1229 2617 concionibus
1258 2574 1330 2617 vel
1361 2573 1632 2616 lectionibus
1662 2572 1869 2630 publiciS,
1901 2587 1983 2615 nee

284 2645 461 2701 scriptis
507 2646 685 2698 libris“;
736 2651 780 2686 et
817 2645 935 2687 infra
974 2645 1125 2687 littera
1171 2645 1221 2688 O.
1264 2645 1321 2687 ad
1361 2645 1520 2686 finem:
1563 2645 1643 2701 „ln
1692 2643 1982 2701 opinionibus

284 2716 438 2770 etiam,
483 2717 531 2757 in
572 2716 736 2771 quibus
777 2716 1002 2758 Catholici
1040 2717 1258 2759 Doctores
1297 2716 1478 2758 variant
1516 2716 1637 2757 inter
1677 2730 1722 2758 se
1764 2715 1837 2757 vel
1880 2729 1983 2757 con-

283 2787 407 2842 trarij
442 2792 560 2840 sunt,
579 2792 631 2828 vt
648 2787 941 2829 conformitas
972 2788 1110 2829 etiam
1142 2788 1191 2829 in
1225 2787 1449 2830 Societate
1481 2787 1553 2841 sit,
1587 2787 1837 2830 curandum
1869 2785 1977 2826 0513.ιι

283 2858 448 2901 Nullus
492 2858 646 2913 itaque
694 2859 840 2914 magis
886 2858 1021 2900 debet
1065 2873 1156 2900 esse
1197 2857 1401 2900 solicitus
1441 2858 1493 2899 de
1542 2857 1786 2900 Societatis
1832 2856 1984 2898 existi-

283 2929 498 2983 matione,
531 2944 665 2985 quam
689 2929 782 2971 eius
813 2945 976 2987 parens
1008 2934 1145 2985 atque
1174 2929 1423 2983 institutor,
1457 2930 1534 2985 qui
1567 2928 1800 2972 doctrinae
1831 2926 1984 2969 existi-

283 3000 530 3042 mationem
577 3015 668 3042 non
715 3016 769 3042 ex
815 3001 1080 3057 opinionum
1122 3000 1491 3057 compugnantia,
1538 3000 1616 3042 sed
1663 3014 1717 3041 ex
1765 3012 1982 3040 consensu

284 3071 440 3114 docuit
483 3086 575 3114 esse
620 3071 936 3128 quaerendam,
977 3071 1213 3128 magisque
1252 3085 1356 3114 suos
1395 3071 1601 3114 alumnos
1647 3070 1800 3113 decere
1844 3068 1983 3111 sensit
