2089 3381
490 152 833 195 Bcg'lcitsohreiben
859 151 1070 195 Aquavivas
1096 162 1161 185 zur
1187 150 1229 185 R.
1257 155 1302 185 st.
1332 153 1431 185 1586.
1779 143 1805 183 9

258 276 325 317 Zu
357 273 552 329 gleicher
583 273 684 315 Zeit
715 276 807 313 trat
839 271 916 312 der
948 269 1140 311 General
1171 283 1317 324 gegen
1338 267 1409 308 die
1431 283 1485 309 zu
1517 269 1665 323 grosse
1686 270 1809 311 Frei-

117 347 212 389 heit
243 346 320 388 der
350 346 627 399 Meinungen
658 343 707 385 in
732 339 1124 399 philosophischen
1151 340 1246 381 und
1266 339 1604 393 theologischen
1627 341 1809 396 Dingen

119 417 211 471 auf3
265 417 381 459 auch
429 416 570 458 dieses
623 413 724 455 dem
775 411 1019 454 deutschen
1069 410 1243 452 Archiv
1292 415 1606 452 01111101111110110
1654 412 1809 453 zweite

116 487 531 544 Begleitschreiben
561 500 641 527 zur
672 483 809 525 Ratio
841 487 894 524 st.
925 481 1136 524 schicken
1167 481 1250 524 wir
1280 496 1458 524 vorans,

889 975 979 1016 Nr.
1004 974 1042 1016 1.

214 1092 765 1174 Begloitsohroibon
811 1089 914 1155 des
960 1092 1018 1154 P.
1053 1090 1339 1156 Claudius
1383 1093 1705 1172 Aquaviva

263 1190 359 1254 bei
402 1187 799 1265 Vorsondung
844 1185 947 1249 des
993 1186 1298 1251 Entwurfs
1345 1188 1451 1252 dor
1492 1189 1553 1252 R.
1587 1190 1662 1253 st.

714 1288 862 1346 1586.
911 1285 986 1344 21.
1019 1281 1214 1361 April.

133 1432 354 1496 Epistola
390 1431 441 1479 P.
473 1430 663 1499 Claudii
700 1428 982 1493 Aquavivae
1024 1426 1084 1474 ad
1120 1428 1170 1476 P.
1204 1431 1471 1479 Oliverium
1509 1430 1790 1480 Manareum

347 1514 675 1564 Visitatorem.
753 1517 895 1567 Ratio
936 1511 1209 1567 Studiorum
1248 1514 1583 1563 examinanda.

465 1609 647 1653 (Archiv.
674 1610 807 1644 Germ.
835 1611 931 1654 Sup.
958 1610 1080 1645 XIII.
1109 1610 1155 1642 B.
1182 1611 1213 1645 1.
1240 1620 1280 1651 p.
1311 1610 1353 1643 11
1379 1619 1468 1651 sqq.

553 1694 635 1738 Rae
663 1695 712 1736 in
744 1694 875 1737 Ohro.
904 1695 1054 1736 Pater.
1090 1718 1141 1724 ——-
1171 1694 1222 1734 P.
1255 1692 1360 1734 Chr.

259 1777 332 1818 Ab
364 1791 414 1818 eo
446 1781 660 1833 tempore,
692 1792 780 1833 quo
812 1777 995 1819 divinae
1028 1776 1224 1819 bonitati
1255 1775 1428 1832 placuit
1461 1775 1700 1816 imbecillis
1732 1776 1813 1817 hu-

118 1847 251 1889 meris
281 1847 392 1889 meis
421 1848 506 1890 hoc
540 1849 779 1891 Societatis
812 1864 924 1891 onus
956 1849 1184 1905 imponere
1214 1852 1312 1889 tam
1334 1862 1473 1903 grave
1494 1847 1700 1902 tantique
1722 1860 1816 1888 mo-

119 1919 273 1974 menti,
314 1919 381 1961 nil
412 1920 558 1976 magis
584 1920 790 1976 judicavi
821 1921 968 1963 officio
1001 1935 1099 1962 meo
1132 1918 1384 1972 convenire,
1429 1932 1564 1973 quam
1599 1922 1652 1958 111
1692 1917 1816 1959 0111111

121 2005 202 2047 ope
235 2005 286 2033 30
318 1991 468 2033 studio
502 1991 693 2034 eniterer
723 1992 972 2048 perfectam
1003 1991 1132 2033 illam
1165 2006 1217 2032 30
1257 1992 1615 2032 0011311111111313111
1652 1988 1814 2042 ideam,

120 2077 255 2117 quam
286 2062 335 2104 P.
354 2063 517 2105 Noster
540 2063 605 2107 8²3⁶
626 2064 867 2105 memoriae
889 2062 1099 2118 Ignatius
1122 2059 1539 2104 Constitutionibus
1563 2073 1815 2115 expressam

119 2133 314 2188 reliquit,
362 2134 583 2190 explicare
622 2139 667 2176 et
712 2134 761 2176 in
809 2149 920 2191 opus
959 2148 1181 2189 usumque
1221 2132 1449 2174 deducere.
1522 2131 1670 2181 Quare
1714 2146 1815 2172 cum

119 2204 316 2262 primum
345 2220 424 2262 per
454 2205 540 2247 Dei
578 2206 774 2261 gratiam
812 2206 860 2247 in
900 2221 999 2247 eam
1046 2209 1221 2262 partem
1270 2203 1513 2257 diligenter
1558 2202 1816 2244 incumbere

122 2280 308 2318 conatus
339 2291 490 2331 essem,
533 2291 646 2332 quae
678 2277 736 2319 ad
766 2277 975 2333 spiritum
1007 2276 1355 2331 religiosamque
1395 2273 1682 2329 disciplinam
1720 2288 1816 2329 per-

122 2346 248 2402 tinet,
282 2347 566 2390 stabiliendis
597 2349 778 2403 regulis,
812 2348 1061 2390 canonibus
1092 2345 1378 2404 publicandis
1402 2344 1590 2400 aliisque
1610 2344 1816 2386 formulis

124 2427 167 2459 01
198 2418 462 2460 110003331113
494 2419 858 2461 ordinationibus
898 2419 1106 2474 deinceps
1146 2416 1342 2470 edendis,
1380 2416 1594 2470 restabat,
1633 2420 1685 2457 ut
1722 2420 1816 2458 stu-

123 2488 299 2530 diorum
331 2504 508 2545 quoque
537 2491 774 2546 negotium
806 2490 863 2532 ad
894 2490 1157 2532 methodum
1189 2503 1240 2530 ao
1270 2487 1394 2530 viam
1424 2487 1718 2542 redigeretur,
1749 2501 1817 2528 res

123 2559 232 2602 adeo
262 2560 313 2601 in
346 2560 569 2602 Societate
599 2566 756 2603 nostra
786 2561 1038 2604 necessaria
1070 2564 1114 2602 et
1155 2559 1233 2601 diu
1266 2559 1363 2615 jam
1402 2559 1458 2600 ab
1498 2558 1707 2600 omnibus
1745 2572 1818 2599 ex-

123 2630 278 2687 petita.
340 2630 416 2673 Ad
447 2631 565 2674 hanc
595 2632 738 2688 igitur
768 2647 876 2686 rem,
910 2647 1011 2674 cum
1042 2632 1240 2688 primum
1272 2629 1558 2672 commodum
1579 2628 1681 2683 fuit,
1715 2643 1818 2670 evo-

123 2701 214 2743 cati
246 2705 352 2743 sunt
383 2716 437 2743 ex
468 2703 606 2745 Variis
638 2704 886 2759 provinciis
917 2718 995 2745 sex
1017 2704 1187 2757 Patres,
1219 2705 1271 2744 111
1302 2705 1401 2744 111111
1432 2716 1486 2742 ex
1518 2715 1672 2742 eorum
1698 2698 1818 2754 judi-

124 2772 219 2826 ciis,
251 2776 349 2814 tum
382 2788 437 2814 ex
457 2773 596 2815 Variis
627 2775 804 2831 scriptis
837 2790 888 2816 30
918 2774 1116 2827 1110111113,
1151 2788 1264 2829 quae
1297 2788 1351 2814 ex
1381 2772 1543 2814 iisdem
1571 2770 1817 2827 provinciis

124 2847 255 2885 antea
287 2844 473 2886 collecta
505 2845 698 2899 fuerant,
731 2860 884 2887 earum
917 2844 1120 2887 omnium
1150 2844 1279 2899 quasi
1307 2858 1460 2885 sensus
1483 2843 1649 2885 certius
1670 2843 1818 2898 posset

124 2913 337 2970 intelligi,
369 2915 512 2970 iisque
544 2916 829 2958 commissum
861 2920 941 2969 est,
974 2919 1026 2957 ut
1056 2930 1195 2956 unam
1215 2915 1457 2956 formulam
1479 2912 1816 2965 studiorumque

124 2985 343 3028 rationem
376 2986 657 3041 conficerent,
690 3002 802 3043 quae
834 2994 880 3029 et
911 2987 961 3028 in
981 2986 1114 3027 rebus
1136 2985 1424 3041 speculativis
1444 2983 1816 3033 uniformitatem,

125 3055 401 3099 soliditatem
430 3057 766 3114 utilitatemque
798 3058 1029 3100 doctrinae
1061 3056 1295 3113 stabiliret,
1329 3062 1373 3098 et
1403 3057 1452 3097 in
1482 3052 1691 3111 practicis
1724 3065 1817 3093 mo-
