2143 3462
341 196 426 236 294
543 203 652 238 Ratio
680 202 883 237 studiorum
910 206 948 238 et
974 202 1229 237 institutiones
1256 203 1502 238 scholasticae
1526 203 1722 239 Societatis
1749 205 1838 240 Jesu
1864 206 1901 240 II

339 324 496 365 liarem
529 321 750 374 ostendat,
784 324 1043 362 contemnat
1072 321 1319 373 neminem,
1360 335 1608 376 pauperum
1648 321 1809 363 studiis
1847 338 1986 379 aeque
2019 340 2071 367 ac

340 393 535 435 divitum
568 392 827 449 prospiciat,
858 391 1201 448 profectumque
1232 390 1583 446 uniuscujusque
1615 407 1637 432 6
1669 393 1760 435 suis
1792 394 2071 437 scholasticis

339 463 572 521 speciatim
602 467 823 520 procuret.
888 463 1058 520 (Const.
1092 477 1134 518 p.
1166 465 1206 505 4.
1241 477 1275 503 c.
1309 464 1349 505 6.
1383 476 1426 503 n.
1461 465 1525 515 6.;
1561 478 1596 504 c.
1633 466 1699 507 13.
1733 478 1776 504 n.
1810 464 1869 520 3.)

932 702 1147 764 Regulac
1186 702 1485 752 Professoris

904 800 1107 846 sacrae
1153 783 1516 861 Scripturac.

152 896 311 925 Ps²¹⁰⁰i¹³¹¹³
482 893 521 938 1.
554 892 812 945 Intelligat,
845 904 947 931 suas
978 890 1218 946 praecipue
1250 894 1398 946 partes
1429 903 1535 943 esse,
1568 889 1748 932 divinas
1768 889 1924 932 literas
1943 889 2077 944 juxta

134 939 237 955 sensus
259 931 320 955 lite-

146 967 214 991 ¹'³¹i⁵
235 974 314 991 ‘'ffl-
341 979 607 1021 germanum
638 962 948 1016 literalemque
979 975 1177 1014 sensum,
1211 961 1289 1016 qui
1324 963 1492 1001 rectam
1529 960 1577 1001 in
1599 960 1745 1002 Deum
1774 960 1908 1002 fidem
1941 960 2078 1002 bono-

341 1050 531 1091 rumque
562 1048 735 1076 morum
771 1031 982 1074 instituta
1014 1031 1271 1086 confirmet,
1311 1031 1397 1087 pie,
1430 1030 1575 1085 docte,
1607 1031 1809 1087 graviter
1840 1031 2076 1088 explicare.

130 1133 165 1157 Ε(
187 1133 320 1163 V¹¹¹÷³³t³0
482 1129 525 1176 2.
558 1129 687 1170 Inter
718 1132 905 1181 caetera,
948 1126 1005 1168 ad
1036 1142 1150 1182 quae
1182 1126 1276 1182 ejus
1308 1126 1502 1168 intentio
1534 1126 1717 1181 feratur,
1755 1126 1871 1168 illud
1908 1127 2077 1183 praeci-

147 1168 300 1193 editionis.

342 1217 483 1259 puum
516 1200 599 1254 sit,
632 1204 685 1242 ut
716 1199 970 1241 versionem
1004 1198 1058 1240 ab
1091 1197 1296 1240 Ecclesia
1327 1197 1625 1254 approbatam
1647 1197 1875 1239 defendat.
1908 1198 2077 1252 (Const.

340 1290 382 1331 p.
401 1277 441 1318 4.
461 1288 495 1315 c.
515 1275 554 1317 6.
573 1287 617 1313 n.
637 1273 695 1323 5.)

72 1347 317 1407 Phgssssffiogssfflss
480 1344 524 1390 3.
557 1344 675 1386 Eum
708 1356 887 1384 sensum
919 1345 970 1383 ut
1002 1344 1276 1396 assequatur,
1309 1339 1559 1381 locutiones
1592 1355 1644 1382 ac
1664 1339 1834 1395 figuras
1854 1354 2081 1382 sacrarum

103 1418 301 1479 cgssffl’gssldxc·
342 1417 675 1473 scripturarum
707 1412 911 1470 proprias
945 1412 1174 1464 observet3
1207 1427 1289 1453 nec
1320 1410 1454 1452 modo
1487 1410 1594 1465 loci,
1628 1426 1760 1466 quem
1792 1411 1840 1452 in
1872 1411 2081 1453 manibus

342 1488 499 1541 habet,
547 1484 860 1529 antecedentia
904 1488 950 1526 et
997 1482 1337 1538 consequentia,
1386 1481 1463 1523 sed
1510 1481 1601 1524 alia
1648 1497 1825 1538 quoque
1867 1482 1984 1536 loca,
2033 1482 2082 1524 in

343 1558 508 1614 quibus
538 1556 693 1599 eadem
723 1555 900 1613 phrasis
931 1554 1052 1597 idem
1085 1558 1164 1596 aut
1194 1568 1286 1596 non
1319 1553 1438 1594 idem
1466 1553 1638 1607 valeat,
1671 1554 1858 1596 solerter
1888 1553 2006 1595 inter
2037 1569 2081 1595 se

343 1630 558 1672 conferat.

148 1706 314 1765 (R‘jl'e'ffi'fffi,
484 1701 529 1747 4.
563 1701 634 1742 ΕΧ
666 1698 886 1742 Hebraeis
920 1697 1194 1752 Graecisque
1235 1695 1584 1751 exemplaribus,
1629 1695 1752 1751 quod
1789 1695 1891 1737 usui
1931 1695 2081 1750 fuerit,

179 1781 286 1802 ‘ems-
343 1776 390 1817 in
428 1789 527 1816 eam
566 1787 661 1814 rem
693 1770 914 1829 proferat,
953 1768 1155 1811 breviter
1191 1771 1364 1821 tamen,
1411 1781 1493 1807 nec
1524 1765 1613 1807 nisi
1644 1781 1746 1808 cum
1778 1766 1851 1808 vel
1883 1766 2081 1822 ipsorum

341 1847 600 1900 latinaeque
623 1842 835 1885 editionis
860 1842 1079 1896 vulgatae
1103 1839 1256 1894 aliqua
1277 1837 1516 1879 diversitas
1539 1836 1871 1879 conciliationis
1890 1836 2081 1893 indiget,

340 1918 415 1960 vel
447 1917 641 1959 aliarum
671 1915 935 1969 linguarum
966 1909 1187 1954 idiotismi
1221 1909 1279 1951 ad
1299 1907 1513 1964 majorem
1538 1906 1779 1950 conferunt
1800 1908 1894 1951 sive
1915 1908 2084 1966 perspi-

342 1989 558 2032 cuitatem
589 1986 685 2028 sive
720 1983 1112 2041 significationem.

80 2062 320 2129 *¹¹2⁵J,J{',f‚¹⁸,{,⁴{¹¹³'
484 2059 528 2106 5.
562 2057 770 2099 Aliarum
795 2054 1054 2097 versionum
1077 2053 1172 2095 sive
1188 2051 1437 2094 latinarum
1456 2053 1608 2104 (18322
1634 2056 1710 2093 aut
1726 2051 2083 2107 ‹yem‘cacularuwfi

126 2135 276 2158 ²¹²²¹¹d⁰·¹³·
342 2130 655 2182 recentiorum,
679 2127 776 2170 sive
800 2125 1084 2177 Chaldaicae,
1107 2124 1334 2180 Syriacae,
1358 2121 1697 2177 Theodotionis,
1720 2122 1929 2178 Aquilae,
1953 2122 2084 2178 Sym-

341 2202 508 2256 machi,
540 2216 625 2243 nec
656 2213 826 2241 errores
857 2196 945 2238 nisi
976 2196 1178 2251 insignes
1211 2199 1256 2236 et
1286 2195 1335 2236 in
1367 2194 1557 2251 speciem
1587 2193 1845 2250 probabiles
1868 2193 2083 2250 suscipiat

340 2272 632 2324 refellendos3
671 2286 753 2312 nec
786 2284 838 2310 ea
868 2266 1070 2310 vicissim
1098 2269 1372 2323 praetereat,
1414 2280 1528 2321 quae
1560 2264 1731 2306 latinae
1762 2264 1954 2307 editioni
1985 2265 2083 2307 vul-

342 2350 475 2401 gatae
506 2343 699 2398 fideique
718 2344 898 2383 nostrae
921 2338 1151 2394 mysteriis
1173 2337 1305 2380 valde
1329 2336 1537 2391 faveant,
1568 2337 1830 2392 praesertim
1857 2336 1895 2377 si
1915 2335 2084 2378 fuerint

344 2416 463 2474 apud
484 2414 624 2458 LXX
654 2413 938 2469 interpretes,
971 2410 1024 2451 de
1058 2408 1222 2465 quibus
1243 2407 1489 2450 honorifice
1511 2422 1684 2463 semper
1702 2406 1978 2463 loquendum
2000 2411 2080 2448 est.

94 2537 266 2562 ‘'mim-'¹¹¹¹
289 2542 319 2560 Μ
486 2534 530 2579 6.
565 2534 613 2574 Si
652 2546 783 2587 quem
816 2529 1037 2571 literalem
1069 2526 1318 2584 cujuspiam
1357 2526 1445 2567 loci
1484 2541 1662 2567 sensum
1695 2540 1789 2567 esse
1820 2524 2083 2581 significant

117 2573 305 2597 conciliorum

112 2609 314 2669 exfflsslffi'gffl
343 2604 617 2649 Pontificum
649 2617 726 2645 seu
749 2600 1077 2651 Conciliorum,
1116 2597 1376 2655 praesertim
1409 2597 1708 2651 generalium,
1743 2611 1946 2651 canones,
1979 2611 2080 2638 eum

341 2677 525 2720 omnino
558 2674 780 2716 literalem
813 2687 905 2713 esse
938 2669 1164 2723 defendat,
1197 2683 1281 2710 nec
1313 2668 1425 2709 alios
1457 2672 1688 2724 praeterea
1709 2668 1905 2709 literales
1928 2667 2080 2722 addat,

340 2748 429 2791 nisi
461 2745 640 2789 eximiis
673 2743 895 2786 adductus
928 2739 1209 2796 conjecturis,
1274 2739 1323 2780 Si
1355 2754 1489 2794 quem
1521 2739 1658 2781 etiam
1688 2739 1745 2780 ad.
1770 2738 1952 2794 aliquod.
1975 2738 2080 2779 fidei

340 2821 506 2875 dogma
538 2814 895 2858 confirmandum
928 2828 981 2853 ex
1014 2811 1228 2853 instituto
1259 2810 1515 2866 proferunt,
1548 2825 1649 2852 eum
1683 2824 1860 2866 quoque
1887 2825 2078 2864 sensum,

339 2896 419 2934 aut
449 2888 674 2932 literalem
708 2890 786 2927 aut
817 2883 1082 2940 mysticum,
1117 2886 1287 2923 certum
1318 2884 1473 2922 tamen
1505 2895 1616 2934 esse,
1650 2880 1820 2922 doceat.

63 2964 329 3025 ¹¹22'g22;e‡JJ¹'12‡{¹³
491 2959 528 3006 7.
563 2960 829 3002 Sanctorum
851 2956 1041 2996 Patrum
1072 2951 1278 3008 vestigiis
1309 2956 1563 2993 reverenter
1593 2951 1795 3006 insistat,
1827 2951 1947 2992 inter
1968 2965 2079 3005 quos

339 3033 378 3076 si
410 3033 464 3074 (16
496 3046 587 3074 uno
622 3029 772 3084 aliquo
806 3040 937 3068 sensu
968 3022 1136 3065 literali
1161 3022 1233 3064 vel
1257 3022 1497 3077 allegorico
1519 3022 1783 3077 conveniat,
1816 3020 2080 3078 praesertim

339 3104 447 3146 dum
480 3102 657 3146 disertis
688 3100 838 3143 verbis
867 3098 1118 3153 loquuntur
1147 3097 1192 3134 et
1222 3107 1277 3135 ex
1307 3093 1536 3150 proposito
1568 3093 1623 3135 de
1650 3092 1886 3150 scripturis
1917 3096 1997 3134 aut
2024 3090 2080 3138 de
