2089 3381
642 142 685 177 R.
713 146 758 178 st.
787 142 887 177 1586.
926 141 1265 177 Commentariolus.
1745 135 1799 178 51

111 265 156 303 et
189 260 245 303 ad
278 264 317 305 6.
350 260 572 303 rationem
603 260 910 319 principalem.
981 259 1044 301 Hi
1075 274 1183 302 vero
1214 274 1293 317 pro
1326 259 1411 303 hac
1442 263 1666 306 sententia
1697 264 1802 306 alle-

108 336 221 388 gant
252 332 296 374 S.
314 331 434 388 Aug.
466 332 544 375 lib.
578 333 618 377 5.
651 332 705 374 de
737 330 874 374 Ciuit.
907 330 1004 372 Dei.
1040 331 1148 388 Cap.
1183 334 1239 386 9.,
1273 332 1485 374 Boetium
1505 334 1606 376 Lib.
1630 338 1669 378 4.
1694 340 1738 377 et
1760 337 1799 380 5.

108 402 162 444 de
200 403 365 445 consol.
403 403 725 460 philosophica,
781 402 890 444 Ans.
929 401 1030 444 Lib.
1076 401 1131 444 de
1173 402 1379 445 concord.
1420 418 1589 460 praesc.
1637 410 1683 447 et
1722 406 1801 451 lib.

106 474 214 528 arb.,
262 474 341 530 qui
377 474 425 517 id
463 489 555 516 non
597 473 784 516 obscure
823 472 998 528 docent,
1046 474 1083 515 si
1121 472 1236 515 bene
1267 474 1613 531 perpendantur.
1675 476 1801 519 Idem

105 559 284 601 quoque
317 545 472 588 docuit
505 545 548 588 S.
582 544 738 587 Thom.
772 543 872 586 Lib.
909 547 945 588 1.
980 548 1098 586 cont.
1133 545 1302 587 Gentil.
1336 545 1442 602 Cap.
1467 549 1536 590 67.
1562 546 1736 588 ratione
1759 551 1799 592 3.

246 617 350 658 Huc
401 615 589 670 accedit,
640 614 762 671 quod
806 614 969 657 harum
1015 615 1394 658 conditionalium
1438 616 1799 673 propositionum

103 687 399 744 praescientia
427 701 521 729 non
552 687 697 729 solum
728 690 797 728 est
826 685 1075 728 necessario
1104 689 1109 742 Ι
1138 701 1411 743 consequens
1451 687 1508 729 ad
1540 687 1798 744 opinionem
1843 726 1848 732 .
1908 726 1914 732 .

105 758 421 815 supradictam,
460 757 537 800 sed
568 756 707 799 etiam
738 757 796 800 ad
827 757 1082 799 doctrinam
1115 772 1269 800 eorum
1301 758 1565 812 Doctorum,
1612 759 1690 815 qui
1732 759 1803 801 fu-

104 833 207 871 tura
238 829 553 885 contingentia
582 829 902 886 praecognosci
933 829 982 870 in
1001 829 1121 871 Ideis
1153 829 1367 884 sentiunt,
1400 829 1438 871 si
1466 829 1600 872 Ideae
1632 831 1802 873 intelli-

102 904 282 955 gantur,
322 904 374 943 vt
418 914 492 941 eas
535 899 723 957 exponit
768 900 1010 942 Caietanus
1056 903 1094 944 1.
1128 901 1251 942 Part.
1284 900 1337 950 Ω.
1373 905 1440 945 14.
1486 906 1570 944 art.
1608 905 1675 947 13.
1718 903 1802 945 Ca-

100 972 236 1027 preol.
263 974 300 1015 1.
325 970 448 1013 Sent.
481 971 597 1012 Dist.
624 973 693 1015 38.
728 970 779 1020 Q.
814 974 852 1015 2.
888 971 1019 1012 Sonc.
1052 970 1221 1013 ibidem
1255 976 1300 1014 et
1332 972 1423 1028 alij.
1484 973 1659 1016 Eadem
1691 989 1800 1030 quo-

100 1057 185 1097 que
217 1041 591 1084 conditionalium
623 1042 984 1100 propositionum
1007 1043 1207 1098 cognitio
1236 1043 1525 1099 consequitur
1548 1045 1798 1087 necessario

100 1128 154 1154 ex
187 1113 396 1170 opinione
428 1113 553 1157 Scoti
587 1117 624 1157 1.
659 1115 781 1159 Sent.
815 1114 931 1156 Dist.
963 1117 1032 1158 39.
1066 1113 1117 1164 Q.
1152 1114 1287 1169 vnic.‚
1319 1114 1450 1156 iuxta
1481 1130 1627 1171 quem,
1661 1116 1699 1158 si
1730 1115 1799 1158 fu-

98 1188 202 1226 tura
234 1185 547 1240 contingentia
579 1185 762 1228 diuinus
794 1185 1052 1227 intellectus
1084 1200 1138 1227 ex
1170 1201 1220 1227 eo
1253 1185 1558 1229 infallibiliter
1589 1187 1798 1244 praescit,

99 1256 220 1311 quod
259 1255 416 1298 diuina
454 1257 667 1299 voluntas
711 1256 1031 1298 determinauit
1074 1271 1125 1298 ea
1162 1257 1332 1299 efficere
1370 1273 1448 1315 per
1484 1260 1598 1301 tales
1642 1274 1798 1301 causas

98 1326 428 1382 contingentes,
473 1342 745 1383 consequens
784 1331 862 1382 est,
896 1327 933 1368 si
965 1328 1055 1369 alia
1087 1328 1150 1369 sic
1181 1328 1502 1372 determinaret
1538 1329 1683 1372 facere
1719 1346 1797 1388 po-

97 1397 196 1439 sitis
227 1398 387 1454 ijsdem
421 1398 579 1454 alijsve
613 1399 770 1453 causis,
803 1399 892 1440 alia
924 1413 1102 1455 quoque
1124 1399 1451 1456 praesciturum
1473 1399 1795 1443 infallibiliter.

96 1469 297 1512 Tandem
342 1470 462 1512 idem
508 1471 710 1527 sequitur
757 1485 811 1512 ex
854 1469 1066 1527 opinione
1115 1470 1286 1513 Ocham
1328 1474 1366 1515 1.
1410 1472 1532 1514 Sent.
1573 1473 1689 1515 Dist.
1723 1475 1793 1520 38.

99 1541 234 1597 Greg.
266 1541 409 1583 Arim.
443 1541 552 1584 ibid.
587 1541 638 1591 Q.
663 1546 701 1587 2.
737 1542 872 1585 Gabr.
905 1541 1014 1583 ibid.
1049 1541 1101 1591 Ω.
1123 1542 1278 1597 vnica3
1312 1543 1390 1598 qui
1422 1544 1641 1599 sentiunt,
1676 1544 1795 1586 diui-

97 1627 204 1654 nam
235 1613 471 1655 essentiam
504 1628 559 1655 ex
589 1613 770 1655 infinita
803 1628 883 1655 sua
914 1611 1189 1668 perfectione
1229 1613 1409 1669 habere,
1439 1619 1492 1657 vt
1528 1616 1587 1657 sit
1624 1615 1796 1658 infalli-

97 1683 202 1726 bilis
250 1699 302 1726 ac
346 1684 565 1728 intuitiua
605 1685 805 1741 cognitio
845 1688 889 1726 et
928 1683 1267 1726 veracissimum
1311 1700 1362 1727 ac
1405 1686 1790 1729 euidentissimum

95 1754 314 1798 iudicium
349 1755 550 1798 omnium
594 1756 767 1798 entium
806 1754 1052 1797 actualium
1091 1759 1135 1796 et
1173 1755 1470 1812 possibilium,
1515 1761 1559 1800 et
1591 1758 1793 1800 omnium

95 1826 331 1868 modorum
379 1827 510 1882 entis,
555 1830 606 1870 vt
644 1826 923 1869 necessitatis
964 1830 1009 1867 et
1049 1826 1405 1883 contingentiae,
1448 1833 1493 1870 et
1537 1843 1651 1884 quae
1690 1844 1793 1886 pars

95 1897 467 1939 contradictionis
520 1897 580 1939 sit
632 1897 786 1940 futura
838 1897 887 1939 in
938 1902 1093 1939 nostra
1144 1898 1368 1941 libertate.
1465 1898 1591 1949 Quae
1652 1901 1793 1945 verba

95 1967 363 2010 abstrahunt
401 1968 457 2010 ab
505 1968 673 2010 actuali
715 1968 979 2023 existentia,
1028 1973 1074 2010 et
1118 1968 1333 2012 nituntur
1382 1971 1478 2013 sola
1515 1971 1792 2029 perspicacia

93 2037 275 2081 infinita
315 2039 461 2081 diuini
501 2040 757 2082 intellectus
803 2040 1084 2096 penetrantis
1129 2055 1282 2083 omnes
1333 2042 1489 2084 modos
1537 2043 1656 2085 entis
1695 2048 1790 2086 tam

94 2110 316 2165 actuales,'
351 2125 488 2166 quam
529 2111 775 2168 possibiles.
850 2111 922 2152 Ex
966 2110 1022 2167 ijs
1061 2115 1200 2168 patet,
1247 2114 1557 2169 cognitionem
1607 2114 1791 2157 illarum

94 2181 470 2224 conditionalium
529 2182 889 2239 propositionum
936 2182 1009 2224 vel
1058 2182 1231 2225 includi
1279 2184 1353 2227 Vel
1398 2186 1648 2227 necessario
1697 2200 1790 2227 esse

93 2265 343 2294 connexam
382 2252 590 2296 omnibus
629 2253 813 2295 diuinae
849 2253 1172 2310 praescientiae
1212 2254 1373 2310 modis,
1412 2271 1524 2312 quos
1570 2257 1789 2299 Doctores

94 2322 208 2379 varij
242 2323 392 2366 varios
423 2339 624 2381 posuere.

235 2394 507 2452 Exemplum
537 2396 673 2438 aliud.
736 2395 988 2438 Definitum
1019 2400 1098 2451 est,
1130 2396 1180 2438 in
1199 2397 1296 2439 Deo
1329 2413 1421 2440 esse
1451 2402 1540 2441 tres
1570 2399 1787 2442 relatiuas

92 2463 425 2520 subsistentias3
459 2482 550 2510 esse
580 2467 717 2510 etiam
748 2482 886 2510 vnam
915 2468 920 2523 1
949 2482 1246 2523 communem,
1279 2469 1532 2513 absolutam
1564 2474 1609 2512 et
1640 2485 1786 2512 essen·
1830 2505 1837 2512 .
1895 2505 1902 2512 .

91 2534 258 2578 tialem.
306 2536 411 2578 Non
451 2537 678 2581 defuerint
714 2537 918 2580 fortassis
950 2539 1028 2594 qui
1059 2538 1176 2581 hanc
1199 2539 1454 2582 doctrinam
1476 2541 1562 2583 soli
1581 2541 1789 2584 tribuant

95 2606 334 2662 Caietano3
366 2623 523 2651 uerum
553 2624 604 2651 ea
642 2610 758 2652 nihil
796 2614 863 2651 est
898 2614 1129 2666 receptum
1168 2611 1314 2667 magis
1355 2611 1476 2668 apud
1513 2612 1785 2670 Theologos:

91 2691 198 2719 nam
212 2678 564 2735 subsistentiam,
586 2685 638 2723 ut
655 2681 884 2737 significat
902 2682 1125 2724 rationem
1144 2697 1223 2739 per
1239 2698 1283 2725 se
1300 2683 1536 2739 existendi,
1556 2684 1787 2742 propriam

92 2748 393 2805 substantiae,
439 2765 531 2792 esse
573 2751 622 2793 in
659 2751 757 2794 Deo
795 2767 933 2795 Vnam
980 2756 1025 2795 et
1069 2753 1323 2796 absolutam
1373 2758 1417 2796 et
1460 2759 1786 2813 competentem

94 2818 270 2862 Deitati
293 2824 346 2863 vt
376 2820 667 2878 substantiae,
700 2824 840 2866 etiam
870 2825 1236 2880 praeintellectae
1267 2829 1372 2867 ante
1404 2840 1557 2868 omnes
1589 2826 1786 2881 origines

94 2892 140 2931 et
176 2890 429 2946 relationeS,
474 2891 637 2935 docent
667 2894 828 2936 Scotus
862 2898 900 2938 1.
934 2895 1057 2937 Sent.
1089 2895 1208 2938 Dist.
1232 2898 1272 2941 5.
1307 2896 1358 2948 Q.
1381 2900 1420 2942 2.
1453 2897 1590 2939 tertio
1621 2895 1786 2953 princi-

93 2960 269 3016 paliter,
301 2961 506 3004 difficult.
535 2966 575 3008 3.
607 2968 652 3006 et
682 2965 800 3007 Dist.
822 2968 890 3010 26.
924 2965 977 3015 Ω.
1009 2966 1128 3010 Vnic.
1162 2967 1219 3009 ad
1249 2967 1459 3024 primum.
1492 2982 1587 3024 pro.
1620 2970 1661 3010 4.
1694 2966 1782 3008 via.

94 3034 139 3071 et
169 3033 209 3075 3.
242 3031 366 3077 Sent.
398 3033 515 3075 Dist.
550 3037 587 3077 1.
621 3033 674 3084 Q.
707 3038 746 3079 2.
781 3037 818 3090 ξ.
851 3036 907 3077 ad
941 3037 1249 3091 quaestionem
1287 3038 1335 3079 in
1366 3038 1475 3093 fine;
1518 3041 1563 3078 et
1593 3036 1707 3077 Dist.
1742 3037 1782 3079 5.

1525 3118 1569 3152 4*
