2148 3402
45 2525 75 2550 p.
87 2517 147 2544 132.

254 176 406 219 Eingeh.
435 176 678 218 Beni-tcilum»,¹
702 177 766 212 der
791 177 832 211 R.
859 181 903 213 st.
932 177 1003 212 und
1031 179 1248 213 Antwortcn
1279 176 1340 210 ulos
1366 175 1626 217 RAquaviva.
1658 175 1782 214 1502]ss
1826 166 1911 207 499

172 299 224 337 vt
254 295 492 350 addantur,
527 297 774 338 curandum
813 296 936 337 crit.¹
988 295 1077 337 Sed
1103 295 1187 336 hoc
1214 293 1325 336 non*

175 367 408 408 concernit
440 367 661 409 rationem
695 367 959 409 studiorum.

314 511 380 552 15.
444 509 601 565 Aliqui
649 509 838 551 mallent
887 512 1125 565 praecepta
1172 491 1324 549 mane*

169 578 403 635 explicari,
436 584 672 636 propterea
714 580 833 635 quod
873 579 1149 621 matutinum
1189 583 1302 620 tem-

169 664 252 706 pus
291 650 440 706 aptius
493 650 553 691 sit
593 650 650 691 ad
690 650 979 692 ediscendum
1020 650 1300 703 memoriter;

167 720 282 762 hanc
300 721 599 763 mutationem
619 721 825 763 concedit
837 722 994 776 regula
1012 720 1301 774 Prouinciali,

167 791 266 832 ideo
299 792 469 847 poterit
500 791 631 834 facile
671 792 768 833 fieri
806 792 902 833 sine
942 792 1032 833 alia
1070 791 1300 848 dispensa-

166 861 289 903 tione
323 863 570 917 Generalis,
603 862 679 904 sed
702 877 793 904 non
816 862 905 904 nisi
927 877 1044 905 vnus
1066 862 1182 903 hanc
1204 877 1300 904 mu-

167 932 386 974 tationem
428 933 682 990 proposuit,
731 937 953 988 quantum
1000 932 1300 976 meminimus

166 1003 340 1045 Deinde
372 1004 492 1046 infra
522 1004 818 1060 respondetur
851 1003 906 1045 ad
938 1003 1023 1045 hoc
1055 1004 1220 1045 iterum
1254 1004 1302 1044 in

165 1089 257 1130 reg.
309 1079 347 1119 2.
382 1076 647 1130 Gmmmat„
689 1075 809 1131 quod
849 1090 906 1117 sc.
949 1075 1159 1117 omnibus
1197 1089 1303 1131 pen-

167 1146 275 1187 satis
308 1146 415 1188 ordo
448 1147 750 1203 praescriptus
778 1146 825 1188 in
846 1145 1023 1188 ratione
1046 1146 1303 1188 studiorum

166 1217 224 1258 sit
255 1218 533 1260 retinendus.

312 1293 379 1334 19.
429 1290 621 1345 Regula,
641 1305 754 1345 quae
770 1289 1002 1346 praecipit,
1020 1292 1072 1331 Vt
1088 1288 1302 1330 lectiones

166 1361 413 1403 recitentur
445 1360 775 1415 decurionibus,
808 1375 901 1402 non
932 1359 1134 1402 excludit
1166 1360 1300 1400 Prae-

168 1437 379 1488 ceptores,
414 1432 491 1473 sed
523 1446 771 1488 supponere
802 1432 995 1485 uidetur,
1030 1430 1152 1486 quod
1173 1444 1300 1486 prae-

167 1509 367 1560 ceptores
388 1518 482 1545 non
503 1503 678 1560 possint
697 1503 874 1559 exigere
896 1503 1124 1555 lectioneS,
1148 1516 1301 1557 quem-

167 1574 412 1617 admodum
444 1574 588 1630 exigit
619 1574 795 1616 vtilitas
828 1573 1164 1630 discipulorum,
1200 1571 1300 1613 ideo

166 1645 348 1687 uidetur
378 1645 492 1687 nihil
528 1647 648 1687 circa
680 1645 795 1687 hanc
826 1645 1030 1701 regulam
1058 1644 1301 1687 immutan-

167 1717 274 1759 dum
307 1717 402 1759 siue
436 1717 800 1774 dispensandum.

309 1791 376 1833 20.
425 1789 549 1830 Haec
566 1788 853 1844 quotidianas
868 1787 1132 1843 scriptiones
1143 1786 1299 1841 exigit,

166 1860 287 1916 quod
320 1860 462 1915 aliqui
483 1863 648 1917 putant
669 1874 761 1900 esse
793 1859 999 1916 perutile,
1033 1858 1109 1899 sed
1132 1857 1300 1899 frustra

165 1931 379 1973 uidentur
410 1931 494 1972 hoc
525 1930 796 1984 existimare,
830 1929 936 1986 quia
961 1929 1118 1984 regula
1149 1933 1298 1985 potest

165 2003 219 2044 de
249 2017 388 2059 penso
421 2002 686 2058 quotidiano
718 2001 930 2056 intelligi,
971 2000 1195 2056 quomodo
1227 1999 1296 2041 in-

164 2073 343 2115 tellecta
374 2072 496 2114 haud
528 2072 663 2114 dubie
696 2071 988 2128 adprobanda
1012 2075 1089 2115 est.
1143 2072 1298 2113 Potest

166 2144 286 2185 enim
317 2142 510 2200 proponi
542 2146 876 2198 argumentum,
910 2142 1029 2198 quod
1051 2157 1129 2198 per
1151 2146 1296 2183 totam

166 2214 495 2257 hebdomadam
527 2213 739 2268 sufficiat,
780 2217 825 2254 et
864 2212 913 2254 in
944 2217 1093 2269 partes
1126 2218 1196 2255 tot
1227 2213 1294 2255 di-

166 2285 286 2339 vidi,
328 2289 439 2340 quot
479 2290 584 2327 sunt
622 2284 735 2339 dies,
781 2285 854 2326 uel
903 2284 1093 2340 singulis
1139 2285 1296 2327 diebus

167 2356 327 2398 dictari
360 2360 404 2397 et
423 2356 562 2400 reddi.
615 2355 747 2405 Quod
768 2355 816 2397 in
840 2355 958 2397 idem
981 2356 1155 2398 recidit.
1209 2356 1296 2398 Sed

167 2427 274 2484 quia
306 2426 517 2482 adjungit
557 2427 734 2482 regula,
783 2426 978 2468 dandam
1026 2442 1116 2469 esse
1161 2427 1296 2469 etiam

167 2498 236 2541 bis
268 2498 317 2539 in
347 2497 633 2539 humanitate
663 2513 742 2554 per
774 2497 1116 2554 hebldomadam
1140 2498 1297 2541 carmi-

166 2570 238 2612 nis
269 2574 313 2610 et
345 2567 509 2610 Graeci
540 2568 770 2610 idiomatis
802 2569 1109 2626 scriptionem,
1143 2570 1295 2626 placet

166 2640 297 2682 nobis
329 2638 449 2695 quod
481 2639 622 2694 aliqui
653 2644 917 2696 suggerunt,
950 2645 1002 2681 vt
1037 2640 1107 2682 his
1139 2582 1315 2703 diebus!

167 2727 260 2754 non
291 2711 421 2753 detur
451 2709 634 2766 scriptio
666 2711 826 2765 soluta,
857 2726 913 2752 ne
945 2711 1198 2753 obruantur
1227 2704 1314 2752 iii-i

168 2783 310 2825 mium
343 2780 566 2837 discipuli.
626 2780 742 2831 Quia
774 2785 893 2824 certo
915 2796 1007 2824 non
1029 2786 1095 2823 est
1114 2750 1314 2851 tantum]

1343 293 1610 335 siderantur.
1646 320 1699 324 —
1736 294 1789 335 R.
1823 294 1909 336 Cu-

1323 353 1462 405 ¹rabit
1502 366 1552 406 P.
1593 365 1908 407 Prouincialis.

1343 434 1493 488 (Ibid.)

1432 506 1511 547 Ad
1538 508 1605 550 15.
1651 506 1783 555 Quod
1801 507 1911 548 mal-

1343 575 1440 617 lent
1471 577 1681 618 nonnulli
1704 592 1910 634 praecep-

1340 653 1388 688 ta
1428 648 1668 689 matutinis
1707 648 1910 690 lectioni-

1342 717 1425 758 bus
1477 718 1706 774 explicari.
1756 745 1809 749 --
1852 720 1907 761 R.

1340 790 1497 830 Potest
1518 789 1820 831 Prouincialis
1843 805 1910 831 or-

1341 859 1491 901 dinem
1513 860 1768 901 immutare.
1809 862 1907 902 Hoc

1341 931 1459 972 enim
1498 930 1576 972 illa
1615 931 1772 985 regula
1812 947 1910 988 per-

1342 1001 1500 1043 mittit.
1565 1001 1717 1057 (Ibid.)

1429 1287 1508 1328 Ad
1545 1290 1609 1330 19.
1675 1287 1797 1328 Bene
1832 1288 1908 1341 [se]

1340 1358 1490 1399 habet.
1554 1358 1704 1410 (Ibid.)

1428 1785 1510 1828 Ad
1533 1788 1603 1829 20.
1654 1786 1718 1829 Vt
1739 1786 1902 1842 quibus

1337 1857 1494 1898 diebus
1555 1856 1767 1898 carminis
1830 1866 1905 1900 aut

1338 1929 1535 1970 Graecae
1573 1928 1757 1983 linguae
1799 1928 1903 1969 scri-

1335 1999 1431 2056 ptio
1463 1999 1724 2055 imperatur,
1756 1998 1902 2040 soluta

1335 2070 1478 2112 oratio
1496 2085 1587 2112 non
1605 2070 1826 2125 exigatur.
1846 2095 1899 2100 —-

1334 2142 1390 2183 R.
1408 2141 1485 2183 Nil
1519 2155 1676 2183 causae
1709 2144 1788 2195 est,
1823 2155 1902 2182 cur

1333 2212 1489 2268 regula
1508 2211 1677 2253 seruari
1692 2224 1784 2253 non
1803 2226 1902 2268 pos-

1334 2284 1405 2338 sit,
1429 2298 1530 2325 cum
1551 2282 1585 2324 ii
1604 2286 1787 2324 tantum
1807 2282 1901 2323 dies

1333 2354 1619 2410 imperentur,
1657 2357 1761 2395 ante
1789 2367 1900 2408 quos

1334 2425 1435 2482 plus
1446 2424 1528 2466 otii
1543 2439 1597 2466 ex
1605 2423 1900 2481 praecedente

1334 2497 1448 2538 festo
1497 2495 1570 2538 uel
1615 2495 1900 2537 recreationis

1314 2574 1315 2580 ’
1336 2567 1406 2609 die
1420 2567 1544 2609 nacti
1559 2571 1677 2609 sunt.
1699 2567 1763 2621 (P.
1783 2566 1899 2621 142.)

316 2960 326 2979 ¹
351 2958 441 2993 Hier
477 2957 620 2992 scheint
652 2957 734 2993 eine
764 2958 897 3003 Irrung
934 2969 979 2994 zu
1013 2959 1256 2993 unterlaufen.
1306 2957 1381 2993 Uns
1416 2957 1511 3001 liegt
1545 2955 1603 2990 die
1628 2956 1799 2998 Ausgabe
1832 2954 1898 2988 der

170 3019 445 3054 Gretser’schen
461 3017 616 3052 Gramm.
637 3017 849 3060 Ingolstadt
874 3019 961 3052 1593
982 3029 1054 3059 vor,
1082 3028 1134 3051 wo
1161 3028 1230 3052 von
1250 3028 1283 3060 p.
1300 3018 1364 3052 221
1396 3028 1439 3051 an
1466 3016 1526 3050 die
1546 3014 1667 3049 Verba
1692 3014 1730 3048 in
1757 3027 1789 3059 μι
1823 3013 1898 3049 und

171 3088 239 3113 von
264 3089 298 3121 p.
325 3080 393 3113 273
419 3088 466 3111 an
499 3074 557 3122 εἰμὶ
583 3075 781 3110 behandelt
805 3076 907 3110 wird.

1618 3144 1684 3177 32*
