2084 3441
250 158 308 201 40
448 168 558 203 Ratio
585 169 786 204 studiorum
811 175 850 204 et
874 168 1128 205 institutiones
1153 168 1395 204 scholasticae
1420 167 1612 204 Societatis
1637 169 1725 205 Jesu
1751 170 1789 205 II

251 302 352 330 cum
386 288 431 329 S.
453 286 641 329 Thoma.
720 287 851 337 Quod
892 302 1003 329 onus
1044 302 1069 328 a
1104 285 1522 329 Constitutionibus
1556 286 1830 343 impositum,
1877 292 1946 330 tot

252 358 512 400 clarissimis
554 364 781 414 receptum
827 357 1104 414 Gymnasiis,
1147 372 1171 397 a
1209 357 1374 397 nostris
1405 356 1618 398 Patribus
1659 358 1793 399 toties
1826 373 1945 399 oom-

251 428 530 480 mendatum,
565 430 601 470 si
633 443 711 485 per
743 443 787 470 se
821 442 958 483 graue
979 442 1071 469 non
1092 432 1172 479 est,
1204 426 1282 468 fiet
1307 427 1443 468 etiam
1465 426 1550 468 hac
1572 426 1768 469 formula
1789 428 1945 481 leuius,

254 515 367 556 quae
399 506 442 542 et
473 501 521 542 in
561 500 794 542 nonnullis
834 514 859 540 a
897 500 940 541 S.
976 498 1148 539 Thoma
1195 498 1381 539 Nostros
1426 497 1595 550 eximit,
1647 503 1691 539 et
1737 513 1838 540 eum
1884 499 1947 541 sic

252 572 514 629 plerumque
548 571 760 624 declarat,
800 574 852 611 vt
893 585 919 611 a
956 568 1262 624 frequentiore
1293 567 1626 623 Theologorum
1667 569 1819 611 schola
1856 584 1948 612 non

255 642 493 699 discrepet.

396 715 629 756 Hactenus
675 713 728 754 de
764 712 959 754 formula
999 711 1328 764 constituenda,
1379 725 1491 766 quae
1529 711 1566 752 si
1603 711 1758 753 multis
1801 711 1947 753 affluit

254 786 514 839 commodis,
547 783 819 840 exigendum
849 797 941 824 non
980 787 1058 836 est,
1097 798 1153 824 ne
1197 782 1322 823 nulla
1361 796 1414 823 ex
1449 786 1573 837 parte
1614 782 1767 837 grauis
1807 788 1945 837 atque

255 863 454 899 onerosa'
493 856 700 898 videatur
733 887 741 895 .
775 868 919 909 neque
957 854 1076 894 enim
1122 853 1170 894 in
1210 852 1433 906 humanis,
1471 853 1734 908 praesertim
1783 853 1951 902 arduis,

255 927 387 970 rebus
419 926 668 982 optandum
700 929 778 978 est,
811 929 863 966 vt
892 923 1044 976 nullis,
1078 922 1153 964 sed
1185 926 1236 965 vt
1269 937 1403 978 quam
1435 922 1636 964 minimis
1656 923 1861 965 laborent
1882 924 1951 965 in-

256 997 514 1040 commodis.
577 997 746 1038 Verum
778 995 815 1036 si
847 1009 957 1050 quas
988 994 1068 1036 illa
1099 1009 1204 1050 prae
1238 1008 1282 1035 se
1317 993 1407 1035 fert
1428 993 1733 1048 difficultates,
1766 1009 1841 1036 eae
1862 1008 1953 1036 non

255 1083 422 1125 magno
454 1067 638 1122 negotio
672 1067 772 1108 tolli
805 1070 1005 1123 possunt,
1048 1069 1126 1106 aut
1156 1064 1317 1106 leuari:
1350 1064 1397 1106 id
1430 1064 1551 1120 quod
1583 1064 1870 1107 distributius
1902 1070 1953 1107 vt

257 1140 350 1193 fiat,
384 1139 485 1181 illas
519 1138 716 1194 quinque
748 1137 794 1178 in
827 1136 977 1193 capita
1010 1135 1300 1189 conferemus,
1338 1140 1402 1190 vt,
1437 1140 1657 1191 quantum
1696 1136 1755 1178 sit
1786 1137 1835 1178 in
1866 1135 1955 1177 sin-

258 1211 379 1267 gulis
411 1209 641 1263 momenti,
674 1208 808 1250 facile
839 1207 1155 1264 perpendatur.

400 1281 603 1322 Primum
637 1284 772 1336 caput
804 1279 1053 1321 desumitur
1085 1293 1139 1319 ex
1172 1278 1324 1333 aliqua
1357 1278 1575 1330 molestia,
1610 1292 1744 1332 quam
1777 1277 1956 1319 Nostris

260 1353 417 1395 afferre
447 1356 628 1408 possent
662 1355 704 1392 et
736 1351 967 1407 praeclusa
1000 1349 1187 1391 libertas
1219 1348 1507 1404 excogitandi
1547 1348 1744 1402 meliora,
1785 1352 1828 1390 et
1859 1352 1956 1389 tan-

260 1438 395 1479 quam
427 1422 556 1464 illata
588 1421 807 1478 quaedam
839 1422 909 1463 vis
940 1420 1148 1477 ingenijS,
1188 1420 1238 1475 si,
1272 1434 1387 1475 quae
1426 1433 1517 1461 non
1556 1418 1759 1473 credunt,
1800 1419 1957 1461 docere

262 1498 500 1550 cogantur.

147 1593 175 1617 p.
197 1584 242 1610 24.
404 1564 654 1620 Praecipua
685 1579 790 1605 sane
822 1563 932 1604 haec
963 1562 1205 1605 difficultas
1236 1577 1262 1603 a
1294 1562 1450 1603 multis
1487 1560 1841 1614 existimabitur,
1881 1560 1957 1602 sed

260 1638 394 1692 longe
417 1637 637 1678 minorem
659 1650 757 1677 eam
776 1635 1019 1692 putabunt,
1049 1634 1086 1676 si
1107 1634 1323 1689 cogitent,
1356 1632 1617 1675 inueniendi
1653 1631 1959 1689 opinandique

260 1708 518 1750 libertatem
550 1722 642 1749 non
675 1707 825 1755 aliam,
858 1721 940 1747 nec
972 1704 1186 1747 maiorem
1213 1704 1514 1760 quaerendam
1535 1703 1666 1746 nobis
1688 1718 1793 1757 esse,
1826 1717 1960 1758 quam

260 1780 463 1837 patiatur
504 1778 725 1832 Societas,
782 1778 855 1819 cui
894 1791 1059 1818 nomen
1099 1775 1316 1828 dedimus,
1361 1776 1545 1830 eiusque
1583 1774 1834 1827 Fundator,
1883 1773 1961 1828 qui

262 1850 655 1893 Constitutionum
689 1852 727 1892 3.
750 1850 886 1890 Parte
919 1848 1026 1904 Cap.
1047 1850 1111 1891 10.
1145 1846 1323 1888 disertis
1347 1846 1497 1888 verbis
1525 1850 1668 1900 cauet,
1699 1860 1755 1886 ne
1792 1859 1961 1900 „nouae

262 1921 497 1979 opiniones
529 1921 880 1973 admittantur“;
923 1918 1045 1974 quod
1077 1922 1229 1960 tamen
1261 1918 1444 1959 suauius
1483 1922 1535 1959 vt
1574 1916 1711 1969 fieret,
1755 1915 1961 1957 additum

262 1998 329 2034 est
359 1992 446 2034 hac
477 1991 672 2033 formula
709 1990 833 2046 „Nisi
866 2005 920 2031 ex
959 2004 1178 2031 consensu
1210 1988 1620 2045 P1·aepositorum“.
1684 1987 1739 2028 In
1775 1985 1961 2041 reliquis

263 2063 415 2118 etiam,
450 2078 564 2119 quae
595 2077 715 2104 noua
746 2076 838 2103 non
871 2066 990 2115 sunt,
1023 2060 1100 2102 sed
1132 2060 1252 2102 inter
1289 2060 1504 2101 Doctores
1537 2063 1837 2110 controuersa,
1870 2071 1962 2098 non

262 2134 455 2176 liberum
486 2134 678 2189 singulis
710 2133 934 2175 delectum
965 2131 1150 2187 reliquit
1182 2132 1231 2172 Ρ.
1246 2131 1467 2186 Ignatius,
1500 2130 1575 2172 sed
1597 2133 1636 2173 4.
1648 2130 1782 2171 Parte
1808 2129 1961 2170 Const.

264 2206 372 2262 Cap.
404 2207 444 2249 5.
480 2207 517 2260 ξ.
548 2208 588 2249 4.
630 2208 888 2260 sequantur,
938 2203 1016 2256 ait,
1063 2203 1111 2243 in
1148 2202 1307 2257 quauis
1351 2201 1569 2244 facultate
1612 2199 1879 2242 securiorem
1919 2202 1963 2240 et

263 2276 407 2333 magis
440 2276 734 2332 approbatam
773 2274 1025 2317 doctrinam
1066 2278 1111 2315 et
1149 2287 1221 2315 eos
1269 2278 1460 2326 autores,
1509 2272 1587 2328 qui
1635 2286 1733 2313 eam
1779 2270 1955 2312 docent.

262 2348 323 2389 Et
367 2362 423 2388 ne
474 2347 666 2402 singulis
716 2346 910 2388 liberum
961 2349 1076 2386 esset
1105 2344 1325 2386 iudicium
1364 2343 1417 2385 de
1449 2343 1593 2398 magis
1630 2342 1880 2399 approbata
1911 2345 1958 2382 et

266 2418 486 2460 securiore
529 2417 736 2460 doctrina
780 2416 1032 2471 deligenda,
1085 2414 1240 2456 statim
1285 2414 1457 2456 subdit:
1507 2413 1672 2469 „Cuius
1719 2412 1785 2454 rei
1828 2426 1963 2468 penes

265 2488 502 2531 Rectorem
535 2488 633 2544 (qui
665 2488 785 2543 quod
815 2491 1041 2529 statuetur
1070 2486 1118 2527 in
1150 2485 1363 2527 Vniuersa
1395 2484 1624 2527 Societate
1657 2483 1714 2525 ad
1746 2483 1960 2524 maiorem

266 2558 351 2600 Dei
395 2558 588 2614 gloriam
628 2564 862 2600 secuturus
898 2561 986 2612 est)
1030 2572 1136 2599 cura
1183 2557 1281 2597 sit.“
1353 2555 1407 2597 Id
1457 2555 1578 2611 quod
1623 2555 1760 2596 etiam
1799 2553 1965 2609 repetit

269 2629 374 2685 Cap.
409 2632 476 2673 24.
518 2629 575 2670 ad
614 2630 762 2670 finem.
832 2629 997 2671 Nullus
1044 2627 1186 2683 igitur
1231 2626 1362 2668 nobis
1406 2626 1531 2668 locus
1571 2625 1721 2667 factus
1758 2629 1825 2666 est
1861 2638 1965 2665 con-

270 2700 486 2756 querendi
532 2700 585 2741 de
624 2700 834 2756 adempta
875 2698 1065 2741 docendi
1111 2697 1422 2751 sentiendique
1468 2696 1691 2748 libertate,
1741 2709 1875 2750 quam
1922 2697 1966 2735 et

270 2785 352 2813 nos
398 2770 446 2811 in
495 2771 766 2812 Societatem
814 2769 1143 2821 transtulimus,
1199 2772 1243 2809 et
1290 2767 1491 2809 Societas
1538 2767 1797 2808 moderatur
1836 2764 1966 2806 iuxta

273 2842 642 2895 Constitutiones,
675 2846 720 2882 et
744 2840 1101 2883 Constitutiones
1121 2854 1220 2881 eam
1252 2837 1544 2893 obstringunt
1576 2837 1818 2890 doctrinae,
1851 2849 1965 2890 quae

273 2912 499 2955 communi
533 2912 699 2954 iudicio
732 2912 877 2967 magis
909 2910 1160 2967 approbata
1192 2910 1262 2951 sit.

415 2984 519 3025 Huc
563 2982 748 3037 accedit,
795 2982 915 3038 quod
961 2980 1175 3022 modestis
1219 2979 1394 3037 pijsque
1438 2979 1634 3035 ingenijs
1670 2994 1762 3021 non
1801 2978 1967 3033 qualis-

273 3054 421 3113 qualis
460 3058 529 3096 est
569 3053 821 3111 appetenda
857 3053 1055 3107 libertas,
1103 3051 1178 3094 sed
1217 3066 1331 3110 quae
1369 3066 1471 3094 cum
1510 3051 1682 3095 virtute
1722 3049 1967 3095 coniuncta
