2143 3462
59 309 185 333 Altiores
207 309 313 334 classes

103 345 200 375 potius
221 345 288 368 reti·

135 380 255 405 flendae.

73 486 312 517 Multiplicandae

66 522 213 546 interdum
235 523 315 546 scho—

335 180 421 223 258

511 189 624 226 Ratio
651 190 853 226 studiorum
880 195 919 226 et
946 189 1201 227 institutiones
1227 188 1472 226 scholasticae
1498 189 1697 228 Societatis
1722 192 1814 229 Jesu
1838 192 1876 229 II

475 312 511 362 ἓ.
545 313 584 353 4.
618 310 740 353 Illud
762 326 894 368 porro
914 313 1176 368 curandum,
1199 316 1264 366 ut,
1287 312 1468 367 quando
1490 311 1669 371 schqlae
1690 313 1922 369 pauciores
1944 317 2062 368 sunt,

331 379 513 422 altiores
533 396 717 438 semper,
739 383 887 439 quoad
914 383 1006 440 ejus
1028 383 1126 425 fieri
1147 387 1309 440 potest,
1341 383 1636 439 retineantur,
1670 383 1861 426 sublatis
1881 383 2063 426 infimis.

473 489 511 540 ἓ.
545 489 584 531 5.
635 488 826 538 Quando
860 495 1010 532 autem
1041 490 1253 544 dicimus,
1299 489 1473 532 scholas
1513 490 1745 532 inferiores
1783 504 1876 532 non
1913 490 2064 547 plures

60 558 423 598 ¹³¹⁰*¹¹⁰¹¹⁶¹⁸⁵⁵⁸³·esse
455 557 616 600 debere
649 574 784 615 quam
817 565 918 615 tres,
955 566 1000 603 et
1032 576 1184 603 omnes
1215 575 1307 603 non
1338 561 1486 617 plures
1519 576 1656 617 quam
1688 562 1899 617 quinque,
1931 561 2065 604 intel-

130 1069 185 1092 Uhi
209 1068 293 1092 liveat

100 1104 309 1134 multiplicare.

104 1318 286 1343 Fraus-[antes

106 1354 294 1378 humanitatis

89 1391 220 1419 magistri
241 1398 317 1414 coin-

138 1426 270 1457 parandi.

326 1974 533 2030 magisssri

79 2044 180 2068 (iram.
202 2045 301 2068 latina.

80 2115 228 2140 Institutio
251 2116 306 2140 lin—

88 2158 158 2181 guae
184 2152 305 2182 patritie.

127 2223 278 2246 wwr‘..
327 2192 400 2229 tus
443 2188 578 2243 ferat,
627 2188 795 2231 alicubi
826 2189 1056 2244 videatur,
1104 2190 1177 2232 vel

328 627 514 683 ligimus
545 645 637 672 non
668 634 763 672 tam
795 631 848 673 de
881 631 1135 674 scholarum
1168 637 1212 673 et
1245 631 1564 688 magistrorum
1594 646 1802 687 numero,
1843 647 1978 688 quam
2010 632 2063 674 de

329 713 514 742 numero
559 701 802 757 graduum,
852 718 962 758 quos
1002 703 1136 745 modo
1176 703 1502 760 descripsimus.
1570 703 1689 744 Nam
1735 703 1772 745 si
1819 703 2063 745 multitudo

330 770 653 828 discipulorum
682 778 813 815 tanta
845 773 916 828 sit,
950 779 1144 830 quantae
1177 775 1376 817 sufficere
1407 788 1499 816 non
1530 773 1670 831 possit
1697 788 1815 832 unus
1836 773 2064 829 magister,

328 847 437 883 tunc
469 843 693 897 geminari
723 844 888 899 poterit
921 845 1085 899 schola,
1119 845 1226 888 data
1258 861 1283 888 a
1303 845 1514 888 Generali
1546 831 1779 900 facultate,
1810 844 1877 887 ita
1896 849 2063 899 tamen,

328 917 379 954 ut
410 913 529 955 idem
562 914 741 969 gradUS,
776 915 956 958 eaedem
988 916 1216 971 lectiones,
1250 917 1406 959 eadem
1435 917 1551 959 ratio
1584 931 1635 959 ac
1665 920 1843 974 tempus
1875 915 2065 958 docendi

328 983 376 1026 in
407 989 600 1041 utraque
632 985 892 1028 retineatur.

473 1072 508 1121 ξ.
543 1072 582 1112 6.
633 1069 765 1111 Hanc
796 1074 951 1112 tamen
982 1071 1337 1127 geminationem
1369 1072 1466 1114 fieri
1497 1086 1589 1114 non
1621 1075 1816 1129 oportet,
1863 1071 1952 1113 nisi
1985 1072 2065 1114 ubi

330 1143 436 1181 sunt
467 1140 617 1182 studia
650 1141 887 1184 Societatis
918 1143 1209 1198 universalia,
1245 1148 1324 1186 aut
1354 1143 1470 1186 ratio
1504 1143 1649 1199 exigit
1680 1142 1976 1197 fundationis,
2008 1157 2065 1184 ne

326 1211 440 1266 plus,
474 1226 609 1266 quam
641 1227 722 1269 par
753 1214 825 1268 sit,
860 1214 1061 1256 Societas
1094 1219 1314 1257 oneretur.

468 1317 545 1365 22.
596 1320 670 1362 Ad
711 1321 1065 1364 conservandam
1103 1321 1422 1364 humaniorum
1466 1322 1723 1364 litterarum
1755 1321 2064 1378 cognitionem

328 1393 372 1431 et
409 1390 732 1445 magistrorum
763 1393 911 1435 veluti
943 1392 1234 1434 seminarium
1271 1392 1518 1435 fovendum
1550 1393 1680 1435 binos
1711 1393 1951 1435 minimum
1983 1397 2064 1435 aut

327 1464 477 1503 ternos
517 1461 681 1504 habere
725 1463 903 1506 studeat
939 1464 987 1506 in
1017 1464 1253 1521 provincia
1282 1464 1353 1506 his
1385 1464 1548 1506 litteris
1580 1468 1624 1506 et
1655 1464 1911 1521 eloquentia
1941 1479 2065 1521 prae-

327 1536 511 1574 stantes.
576 1533 708 1583 Quod
747 1540 1066 1592 consequetur,
1109 1536 1147 1577 si
1185 1551 1239 1578 ex
1276 1535 1355 1590 iis,
1389 1535 1467 1592 qui
1499 1535 1558 1578 ad
1590 1536 1698 1578 haec
1730 1535 1881 1578 studia
1911 1535 2064 1578 idonei

326 1604 626 1661 propensique
659 1610 786 1660 sunt,
832 1607 1077 1649 nonnullos
1118 1607 1225 1650 huic
1255 1607 1320 1649 rei
1352 1607 1544 1649 subinde
1577 1607 1727 1650 dicare
1758 1607 1938 1650 studeat
1970 1622 2064 1649 cae-

325 1675 434 1717 teris
474 1675 771 1720 facultatibus
812 1682 1035 1734 quantum
1075 1678 1184 1720 satis
1224 1682 1291 1720 est
1328 1679 1552 1734 excultos,
1599 1693 1791 1735 quorum
1832 1694 1966 1736 opera
2011 1694 2064 1721 ac

326 1746 563 1790 sedulitate
586 1749 809 1791 bonorum
831 1750 1133 1806 professorum
1158 1765 1300 1806 genus
1332 1750 1559 1806 quoddam
1591 1765 1642 1792 ac
1673 1754 1906 1807 tamquam
1938 1765 2064 1807 seges

326 1817 387 1859 ali
419 1833 471 1860 ac
504 1821 748 1876 propagari
778 1821 930 1877 possit.

473 1901 549 1949 23.
585 1904 726 1945 Dabit
750 1919 943 1961 operam,
964 1908 1016 1946 ut
1032 1905 1178 1946 nostri

609 1980 797 2017 utantur
868 1976 1177 2018 Grammatica

742 2046 913 2096 Quodsi
974 2048 1177 2089 methodi

327 2117 630 2171 accuratioris,
654 2133 789 2173 quam
807 2133 1049 2175 puerorum
1076 2134 1177 2175 cap-

1304 1903 1380 1951 23.
1415 1908 1454 1958 ξ.
1478 1909 1514 1948 1.
1548 1904 1690 1946 Dabit
1718 1920 1911 1962 operam,
1944 1905 2063 1947 utin

1215 1990 1295 2017 sua
1327 1975 1562 2032 provincia
1588 1975 1722 2031 juxta
1753 1976 1849 2018 vim
1883 1991 1932 2018 ac
1965 1991 2063 2033 pro—

1214 2047 1452 2103 prietatem
1500 2047 1833 2089 Grrammaticae
1883 2048 2063 2089 Emma-

1215 2118 1359 2160 nuelis
1400 2119 1553 2174 aliqua
1593 2119 1843 2175 explicetur
1879 2119 1927 2160 in
1973 2123 2062 2161 tres

1215 2189 1362 2231 divisa
1380 2190 1533 2243 libros,
1560 2205 1749 2246 quorum
1771 2190 1943 2247 primus
1965 2191 2062 2233 vul-

327 2045 649 2087 Emmanuelis.

326 2259 580 2301 Romanam
614 2260 851 2316 accipiant,
884 2261 957 2302 vel
983 2261 1176 2302 similem

327 2335 452 2371 curet
471 2330 809 2386 conficiendam,
829 2332 1035 2374 consulto
1045 2333 1177 2374 Prae-

325 2400 471 2456 posito
496 2403 720 2457 Generali,
754 2403 880 2445 salva
906 2407 1059 2445 tamen
1080 2403 1176 2460 ipsa

326 2471 368 2513 vi
413 2487 463 2513 ac
504 2474 780 2529 proprietate
817 2474 1020 2516 omnium
1051 2490 1176 2531 prae-

326 2547 553 2599 ceptorum
586 2545 910 2587 ‚Emmanuelis

1214 2261 1313 2316 gari
1345 2276 1546 2303 sermone
1579 2261 1757 2317 edatur,
1798 2266 1850 2304 ut
1882 2261 2062 2304 facilius

1209 2331 1398 2387 juvenes
1429 2332 1610 2375 institui
1642 2333 1828 2389 possint.

1304 2443 1341 2493 ξ.
1377 2443 1414 2482 2.
1467 2439 1590 2481 Illud
1628 2440 1764 2482 etiam
1804 2441 1890 2482 sibi
1928 2441 2060 2483 valde

1215 2511 1579 2552 commendatum
1627 2512 1872 2567 existimet,
1919 2516 1970 2554 ut
2011 2513 2059 2553 in

1214 2581 1377 2623 scholis
1409 2581 1617 2639 discipuli
1649 2583 1697 2624 in
1723 2583 1881 2639 lingua
1905 2598 2059 2626 Verna-

1213 2653 1313 2694 cula
1340 2653 1482 2694 solido
1514 2654 1827 2709 instituantur,
1860 2658 1916 2709 et,
1950 2654 2060 2710 quid

1213 2725 1259 2765 in
1281 2739 1553 2780 unaquaque
1576 2726 1715 2768 classe
1735 2726 2057 2783 praestandum

1212 2795 1287 2850 sit,
1319 2796 1569 2852 provideat.

1301 2880 1336 2931 ξ.
1372 2882 1411 2921 3.
1476 2880 1613 2922 Curet
1659 2894 1854 2936 quoque,
1906 2885 1958 2922 ut
2008 2880 2056 2921 in

1211 2948 1375 2989 scholis
1408 2949 1697 2994 inferioribus
1729 2951 1968 2993 tradantur
1987 2966 2056 2993 ac-

1212 3020 1415 3075 cessoria,
1447 3036 1560 3076 quae
1584 3027 1689 3064 sunt
1708 3023 1932 3074 historiae,
1954 3037 2055 3077 geo-

1210 3091 1438 3148 graphiae,
1462 3093 1710 3136 matheseos
1732 3094 1963 3149 elementa,
1986 3108 2053 3135 as-
