2143 3462
341 196 423 237 172
540 203 651 238 Ratio
676 203 880 238 studiorum
907 207 944 238 et
968 202 1222 238 institutiones
1247 202 1488 238 scholasticae
1514 203 1712 238 Societatis
1739 203 1830 238 Jesu
1856 203 1893 237 11

337 324 650 380 praestabunt3
673 338 845 380 semper
866 338 954 378 qua
972 323 1099 365 decet
1115 320 1338 364 modestia
1354 319 1609 374 obseruata;
1634 324 1678 362 et
1698 321 1850 377 aliquo
1866 321 2039 363 Praesi-

337 395 483 448 dente,
516 394 595 450 qui
622 394 958 436 contentionem
990 394 1174 436 dirimat
1206 397 1264 459 et,
1298 391 1407 447 quid
1431 391 1660 434 doctrinae
1699 392 1802 434 elici
1833 397 2040 449 oporteat

338 481 391 507 ex
423 465 683 523 disputatiS,
718 465 954 508 declaret.“
1018 466 1142 507 Haec
1176 469 1228 507 vt
1267 467 1515 518 seruentur,
1549 463 1863 506 committendi
1884 464 2040 508 viden-

338 542 413 579 tur
444 537 671 579 interdum
709 536 837 594 pueri
874 536 1174 578 finitimarum
1215 535 1492 587 scholarum,
1530 535 1681 577 minus
1719 536 1944 592 prouectis
1981 537 2039 579 ad

337 608 609 665 superiorem
641 609 828 650 classem
860 607 1219 662 ascendentibus,
1252 622 1344 648 non
1372 605 1592 659 vicissim3
1626 606 1741 648 illud
1762 606 1882 649 enim
1901 607 2041 650 110110-

337 680 534 734 rificum,
574 680 659 722 hoc
698 684 827 735 turpe
869 679 1014 721 videri
1046 682 1206 735 potest.
1270 679 1453 720 Certent
1495 678 1651 733 itaque
1683 677 1906 727 Quartani
1937 694 2039 721 cum

337 752 575 806 Tertianis,
609 751 865 794 Secundani
898 765 1001 792 cum
1021 750 1260 804 Primanis,
1292 749 1592 791 Humanistae
1625 764 1726 791 cum
1746 750 2038 806 Rhetoribus,

336 828 393 878 et,
428 823 507 866 vbi
538 823 676 865 fuerit
706 823 853 879 impar
884 822 1095 863 classium
1132 836 1366 875 numerus,
1407 820 1594 862 alternis
1633 824 1772 863 certet
1809 836 1900 864 vna
1938 838 2040 864 cum

337 895 524 937 duabus.
575 895 794 935 Intersint
826 893 959 934 ambo
981 893 1319 949 Praeceptores:
1352 907 1458 934 nam
1489 895 1533 933 et
1555 906 1629 933 eos
1650 891 1769 934 inter
1785 907 1830 934 se
1850 897 2039 946 seruata,

338 982 426 1022 qua
466 966 612 1019 decet,
656 964 876 1006 modestia
915 979 1119 1020 pugnare
1156 964 1317 1006 iubent
1356 963 1713 1006 Constitutiones
1757 964 2041 1020 praesidente

337 1037 503 1092 aliquo,
537 1051 668 1091 quem
700 1035 985 1077 Praefectum
1018 1050 1110 1077 esse
1132 1039 1371 1091 oporteret.
1416 1035 1520 1076 Non
1552 1035 1671 1076 enim
1693 1034 1868 1077 scholas
1888 1050 2041 1078 omnes

337 1108 491 1149 eodem
523 1112 725 1163 tempore
759 1111 1015 1149 concertare
1046 1106 1186 1160 decet,
1218 1121 1275 1148 ne
1306 1105 1433 1162 nimij
1468 1106 1683 1162 strepitus
1716 1106 1971 1149 excitentur
1987 1123 2040 1149 ex

336 1184 465 1221 tanto
499 1179 716 1233 euntium,
751 1178 1050 1232 redeuntium,
1084 1177 1449 1219 concursantium
1480 1192 1683 1219 numero.
1737 1177 1877 1219 Suum
1900 1178 2042 1234 igitur

337 1251 455 1291 binis
487 1250 739 1305 quibusque
772 1249 987 1291 classibus
1019 1249 1138 1291 diem
1168 1248 1452 1305 praestimat,
1485 1247 1551 1289 ita
1582 1252 1633 1290 vt
1653 1248 1767 1290 duae
1786 1248 1900 1291 fiant
1934 1265 2041 1306 quo-

337 1322 448 1363 libet
479 1336 632 1362 mense
666 1321 922 1363 scholarum
954 1320 1156 1363 omnium
1190 1319 1563 1374 concertationes,
1603 1335 1749 1376 neque
1782 1320 1903 1362 enim
1933 1337 2041 1378 pau-

336 1393 477 1434 ciores
498 1397 679 1448 oportet
701 1407 809 1447 esse,
843 1407 946 1434 oum
972 1391 1220 1449 positiones
1239 1391 1425 1433 alternis
1445 1391 1757 1433 Hebdomadis
1780 1391 1836 1433 ab
1853 1392 1909 1448 ijs
1930 1393 2040 1450 ipsis

336 1464 517 1505 defendi
548 1464 736 1506 iubeant
759 1463 1133 1506 Constitutiones.
1183 1463 1232 1505 Si
1265 1462 1446 1518 quando
1481 1462 1576 1519 ipse
1609 1477 1807 1519 praeesse
1837 1478 1929 1505 non
1960 1479 2038 1520 po—

336 1535 454 1590 terit,
476 1535 617 1577 alium
636 1535 880 1591 praeficiat.
933 1535 1079 1577 Duret
1100 1535 1209 1577 haec
1232 1533 1510 1576 concertatio
1531 1533 1754 1576 semihora
1775 1533 1881 1589 fere,
1903 1550 2042 1590 quan-

337 1621 472 1661 quam
505 1606 812 1663 superioribus
834 1606 1009 1649 Scholis
1040 1606 1152 1648 hora
1174 1605 1415 1647 tribuenda
1436 1609 1562 1647 esset.
1615 1606 1710 1647 Nec
1733 1621 1885 1648 omnes
1906 1607 2040 1649 Vnius

261 1696 322 1719 εκ.
345 1678 535 1719 Scholae
568 1678 624 1720 ad
658 1677 860 1735 altelram
892 1677 1155 1731 ascendant,
1197 1677 1272 1719 sed
1303 1676 1537 1719 lectissimi
1561 1677 1739 1733 quique,
1771 1693 1882 1734 quos
1902 1679 2039 1720 etiam

336 1749 383 1790 in
415 1754 694 1806 praesentem
715 1765 916 1806 pugnam
940 1750 1224 1805 Praeceptor,
1257 1753 1310 1791 vt
1332 1752 1521 1805 oportet,
1542 1748 1820 1804 instruxerit,
1853 1750 2039 1792 caeteris

335 1821 384 1862 in
416 1821 580 1863 Schola
611 1821 781 1863 relictis
813 1821 869 1862 ad
902 1820 1077 1876 aliquid
1107 1821 1280 1862 interea
1312 1819 1598 1861 scribendum
1640 1820 1722 1862 sub
1755 1835 1861 1863 cura
1892 1822 2038 1863 Decu-

334 1892 527 1934 rionum.
561 1892 807 1949 Disputent
827 1896 977 1934 autem
1001 1892 1128 1948 pueri
1150 1891 1204 1933 de
1224 1891 1280 1947 ijs
1302 1894 1495 1944 tantum,
1521 1906 1636 1946 quae
1662 1906 1768 1933 suae
1785 1892 1916 1934 classi
1935 1907 2036 1948 pro-

337 1964 436 2020 pria
467 1967 586 2018 sunt,
625 1979 708 2005 nec
739 1963 989 2005 Dialectico
1029 1978 1174 2017 more,
1216 1962 1293 2004 sed
1336 1962 1415 2003 1110
1453 1962 1545 2003 fere
1584 1962 1735 2004 modo:
1772 1963 1892 2005 Cedo
1925 1963 2038 2005 mihi

336 2035 537 2089 Modum,
572 2051 648 2077 seu
680 2036 888 2091 Tempus,
922 2035 1238 2088 Praeteritum,
1271 2049 1349 2075 seu
1372 2033 1598 2089 Supinum
1628 2033 1753 2076 illius
1783 2034 1912 2077 verbi
1944 2035 2039 2077 siue

337 2107 492 2148 Latini
524 2107 618 2148 sim¹
653 2107 836 2148 Graeci:
869 2106 1056 2148 Infiecte
1087 2120 1251 2146 nomen
1284 2104 1417 2146 illud:
1459 2105 1530 2146 Da
1560 2105 1903 2161 etymologiam:
1938 2106 2039 2148 Est-

341 2194 391 2219 ne
424 2178 533 2219 haec
566 2178 710 2220 oratio
744 2178 857 2219 bene
895 2177 1091 2219 Latina?
1154 2177 1377 2218 Conuerte
1419 2176 1582 2217 Latine
1619 2191 1696 2218 seu
1738 2177 1906 2218 Grraece
1942 2192 2040 2219 sen-

338 2250 527 2291 tentiam
574 2249 720 2291 istam.
783 2250 972 2305 Expone
1013 2249 1139 2290 illam
1183 2247 1390 2303 regulam
1431 2246 1783 2301 Grammaticae,
1831 2247 2037 2290 locumve

338 2321 467 2362 illum
496 2321 698 2376 Virgilij,
731 2337 809 2363 seu
842 2322 902 2362 M.
936 2319 1089 2375 Tullij.
1153 2320 1386 2369 Quaenam
1427 2323 1494 2359 est
1531 2317 1665 2359 huius
1696 2318 1910 2360 vocabuli
1941 2334 2040 2374 ger-

338 2408 470 2434 mana
509 2394 578 2434 vis
618 2399 662 2435 et
703 2393 979 2449 quotuplex?
1041 2392 1190 2434 Vnam
1229 2391 1429 2445 aliquam
1465 2389 1735 2431 sententiam
1775 2389 1921 2431 tribus
1959 2394 2039 2431 aut

338 2463 543 2519 pluribus
575 2465 752 2506 Latinis
783 2464 1023 2521 phrasibus
1055 2462 1254 2504 enuntia.
1305 2461 1556 2504 Videturne
1588 2460 1673 2502 tibi
1693 2461 1931 2503 mendosus
1961 2460 2038 2502 ille

338 2535 461 2576 loeus
493 2536 701 2577 Horatii?
734 2540 778 2577 et
800 2536 838 2576 si
859 2535 1111 2588 mendosus,
1146 2532 1370 2589 quomodo
1391 2532 1666 2587 corrigeres?
1713 2532 1903 2588 Explica
1924 2531 2038 2587 figu-

339 2621 433 2646 ram
467 2622 541 2647 seu
579 2611 758 2662 tropum
791 2607 934 2648 11111111.
983 2607 1082 2657 Qua
1113 2607 1162 2647 in
1191 2620 1237 2646 re
1259 2605 1508 2646 Homerum
1543 2602 1755 2657 Virgilio,
1788 2602 2036 2644 Pindarum

340 2677 533 2717 Horatio
566 2678 854 2732 posthaberes
886 2693 939 2719 ex
974 2677 1193 2731 Scaligeri
1225 2675 1394 2717 Oritico
1426 2679 1470 2716 61
1497 2674 1846 2730 Hypercritico‘?
1896 2674 2039 2715 Inter-

338 2753 511 2804 pretare
524 2748 638 2789 illud
650 2748 1071 2805 Hieroglyphicum,
1091 2747 1361 2804 Symbolum
1375 2745 1728 2801 Pythagoreum,
1740 2744 2039 2801 Apopht[h]e-

338 2834 456 2872 gma,
509 2819 749 2874 Adagium,
797 2820 1048 2874 Emblema,
1098 2818 1327 2872 Aenigma
1373 2832 1427 2858 ex
1475 2816 1721 2870 Athenaeo,
1776 2831 1831 2857 ex
1873 2815 2034 2870 Gellio,

338 2904 391 2930 ex
415 2889 652 2943 Pausania,
675 2906 727 2931 ex
753 2890 942 2943 Crinito,
966 2905 1020 2932 ex
1042 2889 1258 2931 Ausonio.
1296 2888 1435 2929 Cuius
1457 2886 1670 2929 historiae
1691 2886 2035 2928 fundamentum

339 2960 507 3002 habent
529 2960 633 3002 illae
655 2960 836 3002 fabulae
864 2976 917 3002 ex
941 2960 1267 3016 Pa][a]ephato,
1300 2974 1353 3000 ex
1374 2958 1585 3013 Eusebio,
1619 2973 1673 2999 ex
1699 2957 1849 2999 Lilio?
1869 2958 1882 2982 ¹
1915 2957 2036 3007 Quot

499 3056 508 3075 ¹
537 3055 700 3100 Eigentl.
726 3055 847 3099 Lilye,
899 3054 1045 3099 Georg
1080 3054 1223 3097 Lilye,
1261 3054 1477 3088 Kauonikns
1515 3064 1562 3088 zu
1597 3054 1647 3088 St.
1663 3052 1756 3087 Paul
1796 3052 1835 3087 in
1871 3051 2031 3095 London,

337 3114 359 3158 †
388 3115 487 3154 1559,
515 3114 656 3149 schrieb
682 3125 715 3150 u.
731 3124 762 3148 a.
792 3112 921 3157 Elogia
949 3113 1107 3148 virorum
1134 3113 1343 3148 illustrium.

2120 3431 2143 3462 ’.1
