2148 3402
646 198 688 234 R.
716 203 762 235 st.
788 198 890 234 1586.
939 195 1208 242 Repetitiones.
1717 186 1773 231 99

83 321 233 360 autem
269 318 470 372 Praeses,
516 332 627 373 quos
669 317 764 374 ipse
801 317 946 369 volet,
989 331 1071 358 nec
1110 315 1341 372 pauciores
1382 330 1517 370 quam
1564 321 1653 358 tres
1698 332 1779 373 per

83 387 393 444 quadrantem.
456 387 548 430 Vbi
595 387 642 429 id
691 402 784 428 non
826 390 892 428 est
938 386 987 428 in
1033 401 1138 441 vsu,
1192 386 1510 428 introducatur
1557 392 1778 441 quantum

80 463 244 516 potest.
306 458 399 501 Vbi
431 473 537 500 vero
568 458 616 500 id
647 461 875 499 tentatum
905 471 997 499 non
1031 457 1175 511 cessit,
1206 462 1584 514 praemoneantur
1614 462 1702 499 tres
1723 459 1779 499 ad

80 533 252 582 totum,
290 528 366 570 sed
403 543 483 585 per
513 534 662 585 partes
695 532 806 569 tunc
837 527 1133 570 dividendum
1165 544 1190 569 a
1222 528 1451 570 Praeside:
1501 542 1630 569 nemo
1672 543 1778 570 vero

80 603 252 656 repetat
304 614 358 641 ex
404 599 584 655 scripto,
641 598 717 640 sed
770 598 1041 640 memoriter.
1104 599 1259 653 Neque
1312 603 1499 655 putetur
1552 599 1779 640 inutiliter

81 669 274 727 expendi
305 670 444 712 istum
475 669 755 726 repetitionis
789 669 1107 724 quadrantem,
1150 673 1249 710 tum
1283 669 1387 724 quia
1421 669 1778 711 Constitutiones

78 741 391 797 repetitionem
421 740 574 794 Vnius,
608 740 709 795 alijs
742 740 1046 794 audientibus,
1091 740 1404 797 praescribunt
1443 740 1709 781 distinctam
1753 756 1779 781 a

79 817 239 854 mutua
271 811 628 854 concertatione:
668 815 766 853 tum
792 810 899 866 quia
932 816 1166 852 exercetur
1197 812 1427 864 memoria,
1461 815 1560 852 tum
1592 811 1699 866 quia
1730 811 1777 852 id

78 883 261 939 prodest
299 882 465 924 futuris
506 881 748 938 magistris,
789 887 841 924 vt
885 886 1143 924 assuescant
1185 896 1334 923 coram
1376 881 1475 937 alijs
1515 896 1616 923 suas
1657 881 1778 937 cogi-

78 953 271 996 tationes
304 953 540 1010 explicare,
573 957 670 994 tum
703 953 809 1008 quia
838 952 997 994 fierent
1029 952 1248 1008 pigriores
1268 952 1316 994 in
1340 951 1627 1006 annotandis,
1662 967 1776 1008 quae

79 1028 269 1081 oportet,
303 1024 340 1065 si
373 1024 429 1065 ab
459 1022 515 1079 ijs
547 1023 801 1080 repetendis
832 1023 964 1065 liberi
985 1022 1149 1065 forent.
1212 1025 1323 1065 Post
1347 1023 1648 1079 quadrantem
1670 1037 1776 1065 vero

78 1095 361 1152 repetitionis
393 1094 663 1151 disputetur,
708 1098 752 1135 et
784 1094 966 1149 quidem
998 1109 1023 1136 a
1055 1094 1220 1148 tribus,
1261 1109 1286 1135 a
1321 1094 1525 1150 quolibet
1556 1109 1634 1151 per
1666 1109 1775 1149 qua-

79 1166 298 1220 drantem,
332 1165 477 1207 tribus
510 1165 648 1208 etiam
680 1164 894 1221 quotidie,
928 1179 1014 1220 quo
1048 1165 1200 1222 plures
1226 1169 1559 1220 excerceantur,
1592 1180 1774 1221 respon-

78 1236 302 1279 dentibus.
364 1235 419 1278 Id
460 1235 581 1277 enim
612 1235 827 1292 temporis
859 1235 968 1277 satis
1000 1240 1085 1291 est,
1128 1236 1165 1278 si
1195 1237 1319 1292 rigor
1350 1235 1520 1278 formae
1552 1240 1773 1289 seruetur3

78 1312 123 1349 et
170 1322 269 1349 cum
315 1306 408 1348 iam
453 1306 569 1348 nihil
613 1306 724 1349 noui
770 1306 970 1362 affertur,
1015 1307 1303 1364 praecidatur
1347 1311 1689 1364 argumentum3
1738 1307 1775 1348 si

79 1378 259 1435 quando
290 1392 397 1421 vero
431 1378 713 1433 contingeret
744 1392 837 1419 non
868 1393 960 1420 esse
998 1378 1147 1421 locum
1185 1379 1334 1433 tertio,
1375 1378 1609 1420 differatur
1649 1378 1687 1419 is
1725 1379 1774 1420 in

78 1453 341 1505 sequentem
373 1448 688 1506 repetitionem
721 1449 918 1491 eiusdem
949 1450 1184 1492 materiae:
1218 1449 1293 1492 sed
1325 1449 1362 1491 si
1391 1449 1463 1491 Vel
1484 1449 1540 1491 ob
1561 1449 1774 1490 materiae

79 1520 414 1574 difficultatem,
453 1520 528 1563 vel
568 1519 625 1561 ob
669 1519 957 1576 ingeniorum
997 1522 1286 1577 qualitatem,
1324 1521 1397 1562 vel
1440 1521 1494 1562 ob
1535 1535 1772 1562 numerum

79 1591 403 1649 discipulorum
442 1591 490 1633 id
529 1591 697 1634 seruari
729 1606 820 1633 non
852 1596 1020 1648 posset,
1061 1596 1140 1635 aut
1182 1591 1441 1647 frequenter
1487 1591 1773 1646 contingeret

77 1662 212 1705 tertio
244 1663 392 1705 deesse
423 1663 586 1717 locum,
621 1662 708 1705 duo
742 1663 835 1704 sint
864 1663 987 1717 satis,
1020 1667 1063 1704 et
1095 1662 1132 1704 si
1165 1662 1274 1717 quid
1295 1661 1508 1718 temporis
1528 1660 1772 1716 aliquando

78 1738 337 1791 superesset,
371 1734 509 1776 dubia
540 1738 862 1791 proponantur.
925 1734 1075 1776 Antea
1105 1748 1210 1775 vero
1239 1748 1373 1789 quam
1396 1732 1597 1788 quaestio
1620 1732 1773 1787 aliqua

76 1805 275 1860 finiatur,
307 1805 362 1847 de
394 1820 445 1847 ea
475 1805 628 1847 nullus
660 1808 1014 1860 argumentetur.

220 1879 259 1920 3.
309 1875 586 1918 Professores
630 1876 855 1918 liberandi
901 1876 1114 1918 videntur
1172 1876 1276 1930 (nisi
1318 1876 1434 1917 forte
1481 1875 1643 1916 malint
1680 1888 1772 1916 non

77 1946 272 2002 liberari)
305 1962 330 1988 a
350 1946 605 1989 domesticis
626 1947 993 2003 repetitionibus:
1025 1947 1079 2003 ijs
1108 1951 1113 2001 l
1141 1961 1246 1989 vero
1278 1961 1481 2004 praeesse
1503 1945 1669 2003 poterit
1693 1945 1772 1987 ali-

80 2017 192 2073 quis,
225 2017 303 2073 qui
332 2017 538 2060 absoluto
561 2018 832 2074 Theologiae
859 2033 990 2060 cursu
1011 2023 1146 2060 Vacat
1166 2018 1235 2060 illi
1256 2018 1510 2075 repetendo,
1542 2017 1616 2060 vel
1639 2017 1771 2071 alius;

80 2088 138 2130 ad
168 2088 254 2131 hoc
286 2103 390 2131 vero
424 2103 535 2131 onus
567 2104 618 2131 ac
649 2089 848 2131 laborem
870 2104 962 2131 non
983 2089 1194 2132 videntur
1217 2088 1496 2131 Professores
1519 2087 1770 2144 obligandi:

77 2159 222 2216 primo
244 2159 350 2215 quia
374 2160 729 2202 Constitutiones
761 2163 1023 2216 supponunt
1045 2160 1196 2202 abesse
1216 2164 1525 2217 praeceptores
1557 2175 1582 2201 a
1612 2160 1773 2216 repeti-

78 2230 297 2273 tionibus:
348 2233 418 2286 [a.]
462 2230 526 2272 sic
557 2231 677 2273 enim
708 2234 748 2275 4.
781 2232 906 2273 Part.
951 2232 1058 2287 Cap.
1093 2234 1131 2276 6.
1172 2232 1230 2273 Η.
1264 2231 1472 2273 habetur:
1528 2230 1685 2286 „Quod
1717 2229 1775 2271 ad

78 2292 367 2358 repetitiones
399 2301 576 2357 attinet,
623 2306 747 2344 curet
785 2302 972 2357 Rector,
1019 2305 1072 2344 vt
1108 2302 1239 2344 certis
1271 2301 1539 2358 quibusdam
1573 2300 1693 2342 horis
1724 2300 1774 2342 in

82 2373 257 2415 Scholis
293 2373 367 2416 vel
398 2372 520 2414 domi
556 2372 690 2428 fiant,
730 2387 821 2416 vno
863 2372 1044 2429 quidem
1081 2377 1329 2429 repetente,
1369 2377 1414 2415 et
1454 2372 1552 2428 alijs
1591 2372 1774 2414 audien-

79 2443 223 2498 tibus,
271 2447 316 2485 et
357 2458 471 2499 quae
502 2443 705 2486 difficilia
737 2443 1024 2499 occurrerint,
1063 2448 1220 2486 mutuo
1252 2443 1619 2501 proponentibus,
1662 2448 1706 2484 et
1737 2443 1775 2484 si

83 2513 192 2570 quid
223 2513 309 2556 erit
350 2514 402 2556 de
447 2529 534 2570 quo
575 2515 846 2557 constituere
883 2515 1003 2556 inter
1042 2529 1086 2557 se
1125 2529 1217 2557 non
1260 2515 1453 2572 possint,
1502 2514 1774 2570 magistrum

84 2584 287 2627 adeant.“
339 2611 393 2615 —
435 2585 476 2627 b.
523 2585 595 2627 Ita
632 2585 686 2627 fit
723 2585 773 2628 in
811 2585 1061 2640 Lusitania,
1110 2590 1155 2627 et
1191 2585 1304 2628 bene
1343 2585 1473 2629 cedit.
1508 2611 1561 2616 —-
1595 2600 1630 2627 c.
1664 2584 1774 2640 Alij,

85 2656 162 2711 qui
192 2659 430 2712 praeerunt
468 2656 823 2713 repetitionibus,
867 2657 977 2699 fient
1015 2656 1234 2700 doctiores
1274 2660 1318 2698 et
1355 2655 1680 2697 exercebuntur
1718 2654 1775 2696 ad

84 2726 408 2782 magisterium.
442 2752 496 2758 —
529 2726 569 2769 d.
602 2727 658 2769 In
673 2727 835 2784 hyeme
865 2728 1211 2784 interrumpitur
1239 2731 1578 2784 praeceptorum
1600 2731 1776 2783 tempus

87 2797 497 2840 commodissimum
535 2797 701 2852 studio,
743 2798 793 2840 in
834 2802 1002 2840 aestate
1047 2813 1154 2841 vero
1193 2802 1419 2854 coguntur
1460 2802 1662 2840 aestuare
1694 2796 1775 2838 sub

86 2868 329 2910 meridiem.
363 2894 419 2899 —
451 2882 486 2910 e.
520 2867 636 2917 Quia
665 2883 994 2925 nonnunquam
1025 2869 1158 2926 pauci
1188 2873 1294 2911 sunt
1322 2869 1501 2923 Nostri,
1545 2874 1589 2910 et
1617 2867 1776 2925 optimi

89 2938 252 2994 quique
283 2939 529 2981 mittuntur
551 2939 608 2981 ad
627 2940 830 2995 Collegia
852 2940 1175 2982 Conuictorum
1197 2945 1242 2982 et
1262 2940 1580 2992 Alumnorum,
1613 2943 1665 2981 vt
1685 2952 1775 2979 non

89 3009 324 3051 vtilissime
344 3009 554 3052 videatur
574 3009 784 3052 collocari
816 3025 950 3067 opera
981 3011 1301 3067 Praeceptoris.
1337 3036 1390 3041 ——
1424 3009 1455 3054 f.
1487 3009 1604 3058 Quia
1636 3008 1673 3049 si
1705 3006 1778 3048 cui

90 3093 181 3122 non
212 3079 403 3122 satisfiat
435 3095 460 3122 a
490 3080 705 3137 praeside,
745 3085 892 3138 potest
931 3081 979 3122 id
1011 3096 1258 3138 proponere
1288 3081 1337 3123 in
1366 3080 1549 3137 publica
1580 3079 1778 3134 disputa-

1518 3162 1563 3195 7*

1815 1981 1822 1988 .
1835 1964 1895 1988 124.
