<?xml version="1.0" encoding="UTF-8"?>
<!DOCTYPE html PUBLIC "-//W3C//DTD XHTML 1.0 Transitional//EN"
    "http://www.w3.org/TR/xhtml1/DTD/xhtml1-transitional.dtd">
<html xmlns="http://www.w3.org/1999/xhtml" xml:lang="en" lang="en">
 <head>
  <title>
</title>
<meta http-equiv="Content-Type" content="text/html;charset=utf-8" />
  <meta name='ocr-system' content='tesseract 3.04.00' />
  <meta name='ocr-capabilities' content='ocr_page ocr_carea ocr_par ocr_line ocrx_word'/>
</head>
<body>
  <div class='ocr_page' id='page_1' title='image "./ratiostudiorumet05jesu_0148.png"; bbox 0 0 2143 3462; ppageno 0'>
   <div class='ocr_carea' id='block_1_1' title="bbox 214 483 324 515">
    <p class='ocr_par' dir='ltr' id='par_1_1' title="bbox 214 483 324 515">
     <span class='ocr_line' id='line_1_1' title="bbox 214 483 324 515; baseline 0 -8"><span class='ocrx_word' id='word_1_1' title='bbox 214 492 241 515; x_wconf 87' lang='lat' dir='ltr'>p.</span> <span class='ocrx_word' id='word_1_2' title='bbox 266 483 324 508; x_wconf 81' lang='lat'>182.</span> 
     </span>
    </p>
   </div>
   <div class='ocr_carea' id='block_1_2' title="bbox 229 2046 340 2077">
    <p class='ocr_par' dir='ltr' id='par_1_2' title="bbox 229 2046 340 2077">
     <span class='ocr_line' id='line_1_2' title="bbox 229 2046 340 2077; baseline -0.018 -7"><span class='ocrx_word' id='word_1_3' title='bbox 229 2055 257 2077; x_wconf 81' lang='lat' dir='ltr'>p.</span> <span class='ocrx_word' id='word_1_4' title='bbox 281 2046 340 2070; x_wconf 70' lang='grc'><strong>183.</strong></span> 
     </span>
    </p>
   </div>
   <div class='ocr_carea' id='block_1_3' title="bbox 359 194 1876 240">
    <p class='ocr_par' dir='ltr' id='par_1_3' title="bbox 359 194 1876 240">
     <span class='ocr_line' id='line_1_3' title="bbox 359 194 1876 240; baseline -0.001 -2"><span class='ocrx_word' id='word_1_5' title='bbox 359 194 442 238; x_wconf 84' lang='grc'>132</span> <span class='ocrx_word' id='word_1_6' title='bbox 528 203 641 239; x_wconf 81' lang='lat' dir='ltr'>Ratio</span> <span class='ocrx_word' id='word_1_7' title='bbox 666 202 870 239; x_wconf 85' lang='lat' dir='ltr'>studiorum</span> <span class='ocrx_word' id='word_1_8' title='bbox 895 206 933 238; x_wconf 90' lang='lat' dir='ltr'>et</span> <span class='ocrx_word' id='word_1_9' title='bbox 956 199 1212 240; x_wconf 78' lang='lat' dir='ltr'>institutiones</span> <span class='ocrx_word' id='word_1_10' title='bbox 1237 198 1476 238; x_wconf 80' lang='lat' dir='ltr'>scholasticae</span> <span class='ocrx_word' id='word_1_11' title='bbox 1502 199 1698 238; x_wconf 75' lang='lat' dir='ltr'>societatis</span> <span class='ocrx_word' id='word_1_12' title='bbox 1723 201 1814 238; x_wconf 83' lang='lat' dir='ltr'>Jesu</span> <span class='ocrx_word' id='word_1_13' title='bbox 1837 199 1876 238; x_wconf 91' lang='grc' dir='ltr'>ΙΙ</span> 
     </span>
    </p>
   </div>
   <div class='ocr_carea' id='block_1_4' title="bbox 352 320 2051 1016">
    <p class='ocr_par' dir='ltr' id='par_1_4' title="bbox 352 320 2051 1016">
     <span class='ocr_line' id='line_1_4' title="bbox 355 320 2044 380; baseline -0.001 -15"><span class='ocrx_word' id='word_1_14' title='bbox 355 323 589 366; x_wconf 84' lang='lat' dir='ltr'>Summula</span> <span class='ocrx_word' id='word_1_15' title='bbox 608 323 861 380; x_wconf 82' lang='lat' dir='ltr'>exponitur,</span> <span class='ocrx_word' id='word_1_16' title='bbox 893 322 1010 365; x_wconf 84' lang='lat' dir='ltr'>nihil</span> <span class='ocrx_word' id='word_1_17' title='bbox 1041 322 1242 364; x_wconf 80' lang='lat' dir='ltr'>scribant</span> <span class='ocrx_word' id='word_1_18' title='bbox 1263 320 1503 376; x_wconf 83' lang='lat' dir='ltr'>auditores,</span> <span class='ocrx_word' id='word_1_19' title='bbox 1534 320 1624 362; x_wconf 89' lang='lat' dir='ltr'>nisi</span> <span class='ocrx_word' id='word_1_20' title='bbox 1645 320 1909 363; x_wconf 90' lang='lat' dir='ltr'>breuissima</span> <span class='ocrx_word' id='word_1_21' title='bbox 1928 320 2044 363; x_wconf 87' lang='lat' dir='ltr'>forte</span> 
     </span>
     <span class='ocr_line' id='line_1_5' title="bbox 355 390 2045 448; baseline -0.002 -12"><span class='ocrx_word' id='word_1_22' title='bbox 355 393 597 448; x_wconf 85' lang='lat' dir='ltr'>Scholiola,</span> <span class='ocrx_word' id='word_1_23' title='bbox 641 397 694 436; x_wconf 86' lang='lat' dir='ltr'>vt</span> <span class='ocrx_word' id='word_1_24' title='bbox 746 397 1012 435; x_wconf 79' lang='lat' dir='ltr'>assuescant.</span> <span class='ocrx_word' id='word_1_25' title='bbox 1089 393 1245 435; x_wconf 89' lang='lat' dir='ltr'>Prima</span> <span class='ocrx_word' id='word_1_26' title='bbox 1287 405 1394 434; x_wconf 88' lang='lat' dir='ltr'>vero</span> <span class='ocrx_word' id='word_1_27' title='bbox 1442 390 1736 446; x_wconf 87' lang='lat' dir='ltr'>hebdomada,</span> <span class='ocrx_word' id='word_1_28' title='bbox 1782 391 2045 448; x_wconf 87' lang='lat' dir='ltr'>quotidiana</span> 
     </span>
     <span class='ocr_line' id='line_1_6' title="bbox 355 461 2046 520; baseline -0.001 -15"><span class='ocrx_word' id='word_1_29' title='bbox 355 479 468 520; x_wconf 89' lang='lat' dir='ltr'>quae</span> <span class='ocrx_word' id='word_1_30' title='bbox 502 464 626 505; x_wconf 91' lang='lat' dir='ltr'>domi</span> <span class='ocrx_word' id='word_1_31' title='bbox 652 465 658 519; x_wconf 90' lang='grc' dir='ltr'>Ι</span> <span class='ocrx_word' id='word_1_32' title='bbox 688 468 733 506; x_wconf 91' lang='lat' dir='ltr'>et</span> <span class='ocrx_word' id='word_1_33' title='bbox 763 464 812 505; x_wconf 91' lang='lat' dir='ltr'>in</span> <span class='ocrx_word' id='word_1_34' title='bbox 844 463 1022 505; x_wconf 85' lang='lat' dir='ltr'>Scholis</span> <span class='ocrx_word' id='word_1_35' title='bbox 1052 463 1149 505; x_wconf 89' lang='lat' dir='ltr'>fieri</span> <span class='ocrx_word' id='word_1_36' title='bbox 1180 463 1293 505; x_wconf 88' lang='lat' dir='ltr'>solet</span> <span class='ocrx_word' id='word_1_37' title='bbox 1321 461 1531 519; x_wconf 77' lang='lat' dir='ltr'>repetitio</span> <span class='ocrx_word' id='word_1_38' title='bbox 1563 461 1681 504; x_wconf 85' lang='lat' dir='ltr'>nihil</span> <span class='ocrx_word' id='word_1_39' title='bbox 1710 462 1875 505; x_wconf 88' lang='lat' dir='ltr'>habeat</span> <span class='ocrx_word' id='word_1_40' title='bbox 1914 476 2046 519; x_wconf 89' lang='lat' dir='ltr'>argu-</span> 
     </span>
     <span class='ocr_line' id='line_1_7' title="bbox 352 533 2047 591; baseline -0.001 -14"><span class='ocrx_word' id='word_1_41' title='bbox 352 539 630 589; x_wconf 88' lang='lat' dir='ltr'>mentorum,</span> <span class='ocrx_word' id='word_1_42' title='bbox 679 535 757 576; x_wconf 89' lang='lat' dir='ltr'>sed</span> <span class='ocrx_word' id='word_1_43' title='bbox 802 534 973 576; x_wconf 91' lang='lat' dir='ltr'>nudam</span> <span class='ocrx_word' id='word_1_44' title='bbox 1019 533 1110 576; x_wconf 80' lang='lat' dir='ltr'>fere</span> <span class='ocrx_word' id='word_1_45' title='bbox 1155 533 1519 591; x_wconf 85' lang='lat' dir='ltr'>explanationem</span> <span class='ocrx_word' id='word_1_46' title='bbox 1562 537 1606 575; x_wconf 94' lang='lat' dir='ltr'>et</span> <span class='ocrx_word' id='word_1_47' title='bbox 1643 533 1884 576; x_wconf 90' lang='lat' dir='ltr'>dubiorum</span> <span class='ocrx_word' id='word_1_48' title='bbox 1930 533 2047 576; x_wconf 93' lang='lat' dir='ltr'>solu-</span> 
     </span>
     <span class='ocr_line' id='line_1_8' title="bbox 352 602 2048 662; baseline -0.001 -15"><span class='ocrx_word' id='word_1_49' title='bbox 352 606 542 649; x_wconf 89' lang='lat' dir='ltr'>tionem:</span> <span class='ocrx_word' id='word_1_50' title='bbox 597 609 752 662; x_wconf 90' lang='lat' dir='ltr'>postea</span> <span class='ocrx_word' id='word_1_51' title='bbox 789 619 894 647; x_wconf 88' lang='lat' dir='ltr'>vero</span> <span class='ocrx_word' id='word_1_52' title='bbox 939 603 1426 660; x_wconf 87' lang='lat' dir='ltr'>argumentatiunculis</span> <span class='ocrx_word' id='word_1_53' title='bbox 1464 603 1639 659; x_wconf 86' lang='lat' dir='ltr'>aliquot</span> <span class='ocrx_word' id='word_1_54' title='bbox 1682 603 1807 646; x_wconf 90' lang='lat' dir='ltr'>locus</span> <span class='ocrx_word' id='word_1_55' title='bbox 1845 602 2048 661; x_wconf 88' lang='lat' dir='ltr'>praeberi</span> 
     </span>
     <span class='ocr_line' id='line_1_9' title="bbox 353 673 2048 734; baseline -0.002 -15"><span class='ocrx_word' id='word_1_56' title='bbox 353 681 517 734; x_wconf 89' lang='lat' dir='ltr'>posset.</span> <span class='ocrx_word' id='word_1_57' title='bbox 579 678 692 719; x_wconf 85' lang='lat' dir='ltr'>Toto</span> <span class='ocrx_word' id='word_1_58' title='bbox 725 691 831 718; x_wconf 88' lang='lat' dir='ltr'>vero</span> <span class='ocrx_word' id='word_1_59' title='bbox 864 680 1065 732; x_wconf 87' lang='lat' dir='ltr'>tempore</span> <span class='ocrx_word' id='word_1_60' title='bbox 1097 675 1359 718; x_wconf 86' lang='lat' dir='ltr'>Summulae</span> <span class='ocrx_word' id='word_1_61' title='bbox 1397 689 1479 717; x_wconf 89' lang='lat' dir='ltr'>nec</span> <span class='ocrx_word' id='word_1_62' title='bbox 1509 674 1755 730; x_wconf 84' lang='lat' dir='ltr'>Professor,</span> <span class='ocrx_word' id='word_1_63' title='bbox 1795 690 1878 717; x_wconf 90' lang='lat' dir='ltr'>nec</span> <span class='ocrx_word' id='word_1_64' title='bbox 1906 673 2048 717; x_wconf 90' lang='lat' dir='ltr'>Audi-</span> 
     </span>
     <span class='ocr_line' id='line_1_10' title="bbox 353 745 2049 802; baseline -0.002 -12"><span class='ocrx_word' id='word_1_65' title='bbox 353 753 473 790; x_wconf 90' lang='lat' dir='ltr'>tores</span> <span class='ocrx_word' id='word_1_66' title='bbox 512 749 561 790; x_wconf 93' lang='lat' dir='ltr'>in</span> <span class='ocrx_word' id='word_1_67' title='bbox 601 752 853 790; x_wconf 88' lang='lat' dir='ltr'>menstruas</span> <span class='ocrx_word' id='word_1_68' title='bbox 892 746 1220 802; x_wconf 84' lang='lat' dir='ltr'>disputationes</span> <span class='ocrx_word' id='word_1_69' title='bbox 1259 761 1361 788; x_wconf 90' lang='lat' dir='ltr'>cum</span> <span class='ocrx_word' id='word_1_70' title='bbox 1392 745 1491 801; x_wconf 84' lang='lat' dir='ltr'>alijs</span> <span class='ocrx_word' id='word_1_71' title='bbox 1523 746 1817 790; x_wconf 88' lang='lat' dir='ltr'>conueniant:</span> <span class='ocrx_word' id='word_1_72' title='bbox 1867 745 2049 788; x_wconf 86' lang='lat' dir='ltr'>tametsi</span> 
     </span>
     <span class='ocr_line' id='line_1_11' title="bbox 353 816 2051 876; baseline -0.002 -14"><span class='ocrx_word' id='word_1_73' title='bbox 353 823 458 876; x_wconf 90' lang='lat' dir='ltr'>post</span> <span class='ocrx_word' id='word_1_74' title='bbox 477 834 616 862; x_wconf 85' lang='lat' dir='ltr'>vnam</span> <span class='ocrx_word' id='word_1_75' title='bbox 637 823 717 861; x_wconf 91' lang='lat' dir='ltr'>aut</span> <span class='ocrx_word' id='word_1_76' title='bbox 749 819 937 860; x_wconf 87' lang='lat' dir='ltr'>alteram</span> <span class='ocrx_word' id='word_1_77' title='bbox 968 816 1298 859; x_wconf 83' lang='lat' dir='ltr'>hebdomadam</span> <span class='ocrx_word' id='word_1_78' title='bbox 1327 817 1375 858; x_wconf 92' lang='lat' dir='ltr'>in</span> <span class='ocrx_word' id='word_1_79' title='bbox 1407 832 1487 858; x_wconf 89' lang='lat' dir='ltr'>sua</span> <span class='ocrx_word' id='word_1_80' title='bbox 1519 818 1658 860; x_wconf 90' lang='lat' dir='ltr'>classe</span> <span class='ocrx_word' id='word_1_81' title='bbox 1688 821 1870 874; x_wconf 91' lang='lat' dir='ltr'>possent</span> <span class='ocrx_word' id='word_1_82' title='bbox 1901 817 2051 859; x_wconf 85' lang='lat' dir='ltr'>defen-</span> 
     </span>
     <span class='ocr_line' id='line_1_12' title="bbox 358 887 2051 944; baseline -0.002 -12"><span class='ocrx_word' id='word_1_83' title='bbox 358 890 461 932; x_wconf 89' lang='lat' dir='ltr'>dere</span> <span class='ocrx_word' id='word_1_84' title='bbox 492 889 656 931; x_wconf 83' lang='lat' dir='ltr'>Theses</span> <span class='ocrx_word' id='word_1_85' title='bbox 693 890 866 944; x_wconf 89' lang='lat' dir='ltr'>aliquas</span> <span class='ocrx_word' id='word_1_86' title='bbox 904 888 952 929; x_wconf 89' lang='lat' dir='ltr'>in</span> <span class='ocrx_word' id='word_1_87' title='bbox 992 887 1206 942; x_wconf 84' lang='lat' dir='ltr'>Sabbato,</span> <span class='ocrx_word' id='word_1_88' title='bbox 1247 891 1527 944; x_wconf 82' lang='lat' dir='ltr'>suggerente,</span> <span class='ocrx_word' id='word_1_89' title='bbox 1568 887 1606 929; x_wconf 88' lang='lat' dir='ltr'>si</span> <span class='ocrx_word' id='word_1_90' title='bbox 1642 891 1880 944; x_wconf 85' lang='lat' dir='ltr'>oporteret,</span> <span class='ocrx_word' id='word_1_91' title='bbox 1920 902 2051 943; x_wconf 89' lang='lat' dir='ltr'>argu-</span> 
     </span>
     <span class='ocr_line' id='line_1_13' title="bbox 358 958 1934 1016; baseline -0.001 -15"><span class='ocrx_word' id='word_1_92' title='bbox 358 964 511 1001; x_wconf 88' lang='lat' dir='ltr'>menta</span> <span class='ocrx_word' id='word_1_93' title='bbox 543 961 852 1016; x_wconf 89' lang='lat' dir='ltr'>Praeceptore,</span> <span class='ocrx_word' id='word_1_94' title='bbox 887 958 1027 1001; x_wconf 91' lang='lat' dir='ltr'>donec</span> <span class='ocrx_word' id='word_1_95' title='bbox 1058 958 1279 1015; x_wconf 90' lang='lat' dir='ltr'>paulatim</span> <span class='ocrx_word' id='word_1_96' title='bbox 1310 963 1602 1001; x_wconf 83' lang='lat' dir='ltr'>exerceantur</span> <span class='ocrx_word' id='word_1_97' title='bbox 1633 959 1690 1000; x_wconf 91' lang='lat' dir='ltr'>ad</span> <span class='ocrx_word' id='word_1_98' title='bbox 1719 973 1934 1015; x_wconf 88' lang='lat' dir='ltr'>pugnam.</span> 
     </span>
    </p>
   </div>
   <div class='ocr_carea' id='block_1_5' title="bbox 357 1053 2054 1537">
    <p class='ocr_par' dir='ltr' id='par_1_5' title="bbox 357 1053 2054 1537">
     <span class='ocr_line' id='line_1_14' title="bbox 502 1053 2052 1111; baseline -0.001 -14"><span class='ocrx_word' id='word_1_99' title='bbox 502 1058 541 1098; x_wconf 85' lang='lat'>7.</span> <span class='ocrx_word' id='word_1_100' title='bbox 574 1055 667 1096; x_wconf 89' lang='lat' dir='ltr'>Nec</span> <span class='ocrx_word' id='word_1_101' title='bbox 708 1054 763 1096; x_wconf 90' lang='lat' dir='ltr'>ab</span> <span class='ocrx_word' id='word_1_102' title='bbox 795 1069 842 1095; x_wconf 91' lang='lat' dir='ltr'>re</span> <span class='ocrx_word' id='word_1_103' title='bbox 879 1053 1019 1095; x_wconf 84' lang='lat' dir='ltr'>fuerit</span> <span class='ocrx_word' id='word_1_104' title='bbox 1057 1053 1261 1109; x_wconf 87' lang='lat' dir='ltr'>experiri,</span> <span class='ocrx_word' id='word_1_105' title='bbox 1302 1068 1361 1095; x_wconf 91' lang='lat' dir='ltr'>an</span> <span class='ocrx_word' id='word_1_106' title='bbox 1400 1068 1481 1110; x_wconf 91' lang='lat' dir='ltr'>pro</span> <span class='ocrx_word' id='word_1_107' title='bbox 1513 1054 1704 1109; x_wconf 88' lang='lat' dir='ltr'>Isagoge</span> <span class='ocrx_word' id='word_1_108' title='bbox 1735 1053 2052 1111; x_wconf 86' lang='lat' dir='ltr'>Porphyriana</span> 
     </span>
     <span class='ocr_line' id='line_1_15' title="bbox 358 1124 2053 1182; baseline -0.001 -15"><span class='ocrx_word' id='word_1_109' title='bbox 358 1125 501 1182; x_wconf 87' lang='lat' dir='ltr'>possit</span> <span class='ocrx_word' id='word_1_110' title='bbox 532 1140 558 1167; x_wconf 93' lang='lat' dir='ltr'>a</span> <span class='ocrx_word' id='word_1_111' title='bbox 579 1125 759 1167; x_wconf 86' lang='lat' dir='ltr'>Nostris</span> <span class='ocrx_word' id='word_1_112' title='bbox 791 1124 881 1166; x_wconf 91' lang='lat' dir='ltr'>alia</span> <span class='ocrx_word' id='word_1_113' title='bbox 914 1124 1137 1166; x_wconf 83' lang='lat' dir='ltr'>conscribi</span> <span class='ocrx_word' id='word_1_114' title='bbox 1168 1139 1223 1166; x_wconf 90' lang='lat' dir='ltr'>ex</span> <span class='ocrx_word' id='word_1_115' title='bbox 1254 1124 1446 1181; x_wconf 88' lang='lat' dir='ltr'>ipsomet</span> <span class='ocrx_word' id='word_1_116' title='bbox 1466 1124 1722 1179; x_wconf 80' lang='lat' dir='ltr'>Aristotele,</span> <span class='ocrx_word' id='word_1_117' title='bbox 1754 1128 1806 1167; x_wconf 86' lang='lat' dir='ltr'>vt</span> <span class='ocrx_word' id='word_1_118' title='bbox 1828 1139 1854 1166; x_wconf 92' lang='lat' dir='ltr'>a</span> <span class='ocrx_word' id='word_1_119' title='bbox 1873 1124 2053 1166; x_wconf 87' lang='lat' dir='ltr'>Nostris</span> 
     </span>
     <span class='ocr_line' id='line_1_16' title="bbox 359 1194 2054 1253; baseline -0.001 -15"><span class='ocrx_word' id='word_1_120' title='bbox 359 1196 578 1238; x_wconf 86' lang='lat' dir='ltr'>classibus</span> <span class='ocrx_word' id='word_1_121' title='bbox 625 1196 884 1251; x_wconf 87' lang='lat' dir='ltr'>ablegemus</span> <span class='ocrx_word' id='word_1_122' title='bbox 916 1195 1236 1253; x_wconf 85' lang='lat' dir='ltr'>Porphyrium,</span> <span class='ocrx_word' id='word_1_123' title='bbox 1283 1194 1512 1237; x_wconf 88' lang='lat' dir='ltr'>hominem</span> <span class='ocrx_word' id='word_1_124' title='bbox 1543 1195 1748 1252; x_wconf 87' lang='lat' dir='ltr'>impium,</span> <span class='ocrx_word' id='word_1_125' title='bbox 1781 1195 1835 1237; x_wconf 91' lang='lat' dir='ltr'>de</span> <span class='ocrx_word' id='word_1_126' title='bbox 1867 1194 2054 1237; x_wconf 87' lang='lat' dir='ltr'>Christi-</span> 
     </span>
     <span class='ocr_line' id='line_1_17' title="bbox 361 1265 2054 1324; baseline 0 -16"><span class='ocrx_word' id='word_1_127' title='bbox 361 1267 460 1309; x_wconf 87' lang='lat' dir='ltr'>anis</span> <span class='ocrx_word' id='word_1_128' title='bbox 490 1266 681 1324; x_wconf 90' lang='lat' dir='ltr'>pessime</span> <span class='ocrx_word' id='word_1_129' title='bbox 713 1266 924 1308; x_wconf 84' lang='lat' dir='ltr'>meritum</span> <span class='ocrx_word' id='word_1_130' title='bbox 955 1271 999 1308; x_wconf 91' lang='lat' dir='ltr'>et</span> <span class='ocrx_word' id='word_1_131' title='bbox 1045 1267 1259 1324; x_wconf 87' lang='lat' dir='ltr'>pleraque</span> <span class='ocrx_word' id='word_1_132' title='bbox 1305 1266 1558 1308; x_wconf 86' lang='lat' dir='ltr'>tradentem</span> <span class='ocrx_word' id='word_1_133' title='bbox 1604 1265 1860 1323; x_wconf 87' lang='lat' dir='ltr'>improprie,</span> <span class='ocrx_word' id='word_1_134' title='bbox 1905 1281 2054 1322; x_wconf 89' lang='lat' dir='ltr'>super-</span> 
     </span>
     <span class='ocr_line' id='line_1_18' title="bbox 357 1337 2054 1394; baseline 0 -15"><span class='ocrx_word' id='word_1_135' title='bbox 357 1352 580 1392; x_wconf 86' lang='lat' dir='ltr'>uacanee,</span> <span class='ocrx_word' id='word_1_136' title='bbox 630 1337 865 1379; x_wconf 88' lang='lat' dir='ltr'>Platonice</span> <span class='ocrx_word' id='word_1_137' title='bbox 904 1342 948 1379; x_wconf 90' lang='lat' dir='ltr'>et</span> <span class='ocrx_word' id='word_1_138' title='bbox 985 1338 1179 1379; x_wconf 88' lang='lat' dir='ltr'>nimium</span> <span class='ocrx_word' id='word_1_139' title='bbox 1216 1337 1404 1394; x_wconf 78' lang='lat' dir='ltr'>prolixe.</span> <span class='ocrx_word' id='word_1_140' title='bbox 1475 1338 1543 1379; x_wconf 85' lang='lat' dir='ltr'>Ea</span> <span class='ocrx_word' id='word_1_141' title='bbox 1585 1352 1654 1379; x_wconf 91' lang='lat' dir='ltr'>res</span> <span class='ocrx_word' id='word_1_142' title='bbox 1695 1337 1733 1379; x_wconf 92' lang='lat' dir='ltr'>si</span> <span class='ocrx_word' id='word_1_143' title='bbox 1773 1337 2054 1392; x_wconf 86' lang='lat' dir='ltr'>scriberetur,</span> 
     </span>
     <span class='ocr_line' id='line_1_19' title="bbox 360 1408 2054 1466; baseline 0 -16"><span class='ocrx_word' id='word_1_144' title='bbox 360 1412 508 1465; x_wconf 89' lang='lat' dir='ltr'>posset</span> <span class='ocrx_word' id='word_1_145' title='bbox 538 1408 716 1465; x_wconf 85' lang='lat' dir='ltr'>priuato</span> <span class='ocrx_word' id='word_1_146' title='bbox 749 1409 941 1451; x_wconf 89' lang='lat' dir='ltr'>alicuius</span> <span class='ocrx_word' id='word_1_147' title='bbox 978 1409 1159 1451; x_wconf 88' lang='lat' dir='ltr'>nomine</span> <span class='ocrx_word' id='word_1_148' title='bbox 1200 1409 1364 1466; x_wconf 90' lang='lat' dir='ltr'>exponi</span> <span class='ocrx_word' id='word_1_149' title='bbox 1395 1408 1582 1464; x_wconf 85' lang='lat' dir='ltr'>Parisijs</span> <span class='ocrx_word' id='word_1_150' title='bbox 1613 1409 1687 1451; x_wconf 87' lang='lat' dir='ltr'>vel</span> <span class='ocrx_word' id='word_1_151' title='bbox 1717 1408 1766 1450; x_wconf 87' lang='lat' dir='ltr'>in</span> <span class='ocrx_word' id='word_1_152' title='bbox 1796 1408 2054 1451; x_wconf 74' lang='lat' dir='ltr'>Lusitania:</span> 
     </span>
     <span class='ocr_line' id='line_1_20' title="bbox 361 1479 1885 1537; baseline 0.001 -16"><span class='ocrx_word' id='word_1_153' title='bbox 361 1484 419 1534; x_wconf 89' lang='lat' dir='ltr'>et,</span> <span class='ocrx_word' id='word_1_154' title='bbox 451 1480 489 1521; x_wconf 91' lang='lat' dir='ltr'>si</span> <span class='ocrx_word' id='word_1_155' title='bbox 519 1494 589 1521; x_wconf 87' lang='lat' dir='ltr'>res</span> <span class='ocrx_word' id='word_1_156' title='bbox 620 1480 734 1522; x_wconf 90' lang='lat' dir='ltr'>bene</span> <span class='ocrx_word' id='word_1_157' title='bbox 767 1480 955 1534; x_wconf 86' lang='lat' dir='ltr'>cederet,</span> <span class='ocrx_word' id='word_1_158' title='bbox 990 1480 1155 1521; x_wconf 88' lang='lat' dir='ltr'>sensim</span> <span class='ocrx_word' id='word_1_159' title='bbox 1186 1480 1235 1521; x_wconf 90' lang='lat' dir='ltr'>in</span> <span class='ocrx_word' id='word_1_160' title='bbox 1268 1480 1379 1522; x_wconf 87' lang='lat' dir='ltr'>alias</span> <span class='ocrx_word' id='word_1_161' title='bbox 1409 1483 1558 1537; x_wconf 90' lang='lat' dir='ltr'>partes</span> <span class='ocrx_word' id='word_1_162' title='bbox 1588 1479 1885 1525; x_wconf 87' lang='lat' dir='ltr'>induceretur.</span> 
     </span>
    </p>
   </div>
   <div class='ocr_carea' id='block_1_6' title="bbox 363 1575 2057 1775">
    <p class='ocr_par' dir='ltr' id='par_1_6' title="bbox 363 1575 2057 1775">
     <span class='ocr_line' id='line_1_21' title="bbox 504 1575 2056 1630; baseline 0.001 -14"><span class='ocrx_word' id='word_1_163' title='bbox 504 1578 543 1620; x_wconf 89' lang='grc'>8.</span> <span class='ocrx_word' id='word_1_164' title='bbox 576 1576 645 1616; x_wconf 92' lang='lat' dir='ltr'>De</span> <span class='ocrx_word' id='word_1_165' title='bbox 685 1575 1016 1630; x_wconf 88' lang='lat' dir='ltr'>vacationibus,</span> <span class='ocrx_word' id='word_1_166' title='bbox 1057 1575 1112 1616; x_wconf 89' lang='lat' dir='ltr'>de</span> <span class='ocrx_word' id='word_1_167' title='bbox 1149 1575 1487 1617; x_wconf 83' lang='lat' dir='ltr'>remissionibus</span> <span class='ocrx_word' id='word_1_168' title='bbox 1526 1575 1790 1630; x_wconf 86' lang='lat' dir='ltr'>studiorum,</span> <span class='ocrx_word' id='word_1_169' title='bbox 1830 1575 1885 1617; x_wconf 89' lang='lat' dir='ltr'>de</span> <span class='ocrx_word' id='word_1_170' title='bbox 1925 1575 2056 1617; x_wconf 90' lang='lat' dir='ltr'>modo</span> 
     </span>
     <span class='ocr_line' id='line_1_22' title="bbox 363 1645 2057 1703; baseline -0.001 -15"><span class='ocrx_word' id='word_1_171' title='bbox 363 1646 558 1702; x_wconf 86' lang='lat' dir='ltr'>legendi,</span> <span class='ocrx_word' id='word_1_172' title='bbox 592 1646 646 1688; x_wconf 89' lang='lat' dir='ltr'>de</span> <span class='ocrx_word' id='word_1_173' title='bbox 678 1645 928 1688; x_wconf 80' lang='lat' dir='ltr'>formandis</span> <span class='ocrx_word' id='word_1_174' title='bbox 958 1646 1167 1702; x_wconf 88' lang='lat' dir='ltr'>partibus</span> <span class='ocrx_word' id='word_1_175' title='bbox 1199 1646 1488 1701; x_wconf 64' lang='lat' dir='ltr'>quaestionis,</span> <span class='ocrx_word' id='word_1_176' title='bbox 1520 1647 1575 1688; x_wconf 90' lang='lat' dir='ltr'>de</span> <span class='ocrx_word' id='word_1_177' title='bbox 1605 1647 1950 1703; x_wconf 87' lang='lat' dir='ltr'>repetitionibus</span> <span class='ocrx_word' id='word_1_178' title='bbox 1982 1646 2057 1687; x_wconf 88' lang='lat' dir='ltr'>do-</span> 
     </span>
     <span class='ocr_line' id='line_1_23' title="bbox 365 1717 2057 1775; baseline 0.001 -17"><span class='ocrx_word' id='word_1_179' title='bbox 365 1717 574 1772; x_wconf 89' lang='lat' dir='ltr'>mesticis,</span> <span class='ocrx_word' id='word_1_180' title='bbox 607 1717 660 1759; x_wconf 90' lang='lat' dir='ltr'>de</span> <span class='ocrx_word' id='word_1_181' title='bbox 691 1717 1054 1773; x_wconf 65' lang='lat' dir='ltr'>hebdomadariis</span> <span class='ocrx_word' id='word_1_182' title='bbox 1085 1717 1470 1773; x_wconf 85' lang='lat' dir='ltr'>disputationibus</span> <span class='ocrx_word' id='word_1_183' title='bbox 1498 1718 1546 1759; x_wconf 88' lang='lat' dir='ltr'>in</span> <span class='ocrx_word' id='word_1_184' title='bbox 1576 1717 1752 1773; x_wconf 84' lang='lat' dir='ltr'>Schola,</span> <span class='ocrx_word' id='word_1_185' title='bbox 1793 1717 1847 1759; x_wconf 89' lang='lat' dir='ltr'>de</span> <span class='ocrx_word' id='word_1_186' title='bbox 1876 1717 2057 1775; x_wconf 89' lang='lat' dir='ltr'>priuato</span> 
     </span>
    </p>
   </div>
   <div class='ocr_carea' id='block_1_7' title="bbox 364 1788 2058 1917">
    <p class='ocr_par' dir='ltr' id='par_1_7' title="bbox 364 1788 2058 1917">
     <span class='ocr_line' id='line_1_24' title="bbox 364 1788 2058 1844; baseline 0.001 -15"><span class='ocrx_word' id='word_1_187' title='bbox 364 1788 513 1830; x_wconf 91' lang='lat' dir='ltr'>studio</span> <span class='ocrx_word' id='word_1_188' title='bbox 547 1789 940 1842; x_wconf 82' lang='lat' dir='ltr'>Scholasticorum,</span> <span class='ocrx_word' id='word_1_189' title='bbox 989 1803 1281 1844; x_wconf 88' lang='lat' dir='ltr'>quaecunque</span> <span class='ocrx_word' id='word_1_190' title='bbox 1313 1788 1368 1830; x_wconf 89' lang='lat' dir='ltr'>de</span> <span class='ocrx_word' id='word_1_191' title='bbox 1398 1789 1638 1844; x_wconf 82' lang='lat' dir='ltr'>Theologis</span> <span class='ocrx_word' id='word_1_192' title='bbox 1679 1788 1800 1831; x_wconf 88' lang='lat' dir='ltr'>dicta</span> <span class='ocrx_word' id='word_1_193' title='bbox 1839 1793 1957 1844; x_wconf 86' lang='lat' dir='ltr'>sunt,</span> <span class='ocrx_word' id='word_1_194' title='bbox 2005 1788 2058 1830; x_wconf 90' lang='lat' dir='ltr'>de</span> 
     </span>
     <span class='ocr_line' id='line_1_25' title="bbox 367 1860 1203 1917; baseline -0.001 -16"><span class='ocrx_word' id='word_1_195' title='bbox 367 1860 656 1917; x_wconf 89' lang='lat' dir='ltr'>Philosophis</span> <span class='ocrx_word' id='word_1_196' title='bbox 689 1860 842 1902; x_wconf 87' lang='lat' dir='ltr'>eadem</span> <span class='ocrx_word' id='word_1_197' title='bbox 874 1860 1203 1915; x_wconf 82' lang='lat' dir='ltr'>intelligantur.</span> 
     </span>
    </p>
   </div>
   <div class='ocr_carea' id='block_1_8' title="bbox 369 1953 2065 3145">
    <p class='ocr_par' dir='ltr' id='par_1_8' title="bbox 369 1953 2065 3145">
     <span class='ocr_line' id='line_1_26' title="bbox 507 1953 2060 2011; baseline -0.002 -13"><span class='ocrx_word' id='word_1_198' title='bbox 507 1958 548 1999; x_wconf 84' lang='lat'>9.</span> <span class='ocrx_word' id='word_1_199' title='bbox 581 1955 884 2011; x_wconf 83' lang='lat' dir='ltr'>Congregatio</span> <span class='ocrx_word' id='word_1_200' title='bbox 916 1954 1068 1996; x_wconf 85' lang='lat' dir='ltr'>Tertia</span> <span class='ocrx_word' id='word_1_201' title='bbox 1103 1954 1325 2010; x_wconf 87' lang='lat' dir='ltr'>generalis</span> <span class='ocrx_word' id='word_1_202' title='bbox 1367 1953 1549 1996; x_wconf 82' lang='lat' dir='ltr'>Oanone</span> <span class='ocrx_word' id='word_1_203' title='bbox 1589 1957 1628 1998; x_wconf 85' lang='lat'>8.</span> <span class='ocrx_word' id='word_1_204' title='bbox 1676 1954 1846 2010; x_wconf 90' lang='lat' dir='ltr'>inquit:</span> <span class='ocrx_word' id='word_1_205' title='bbox 1899 1955 2060 2010; x_wconf 88' lang='lat' dir='ltr'>„Pater</span> 
     </span>
     <span class='ocr_line' id='line_1_27' title="bbox 372 2025 2059 2083; baseline -0.001 -15"><span class='ocrx_word' id='word_1_206' title='bbox 372 2027 532 2069; x_wconf 88' lang='lat' dir='ltr'>Noster</span> <span class='ocrx_word' id='word_1_207' title='bbox 564 2027 852 2083; x_wconf 83' lang='lat' dir='ltr'>Praepositus</span> <span class='ocrx_word' id='word_1_208' title='bbox 884 2025 1118 2067; x_wconf 74' lang='lat' dir='ltr'>Generalis</span> <span class='ocrx_word' id='word_1_209' title='bbox 1145 2025 1151 2081; x_wconf 71' lang='grc' dir='ltr'>Ι</span> <span class='ocrx_word' id='word_1_210' title='bbox 1179 2025 1539 2067; x_wconf 86' lang='lat' dir='ltr'>commendatum</span> <span class='ocrx_word' id='word_1_211' title='bbox 1578 2040 1847 2082; x_wconf 84' lang='lat' dir='ltr'>magnopere</span> <span class='ocrx_word' id='word_1_212' title='bbox 1882 2025 2059 2079; x_wconf 87' lang='lat' dir='ltr'>habeat,</span> 
     </span>
     <span class='ocr_line' id='line_1_28' title="bbox 369 2095 2060 2154; baseline -0.002 -14"><span class='ocrx_word' id='word_1_213' title='bbox 369 2103 421 2141; x_wconf 92' lang='lat' dir='ltr'>vt</span> <span class='ocrx_word' id='word_1_214' title='bbox 452 2099 772 2154; x_wconf 87' lang='lat' dir='ltr'>Praeceptores</span> <span class='ocrx_word' id='word_1_215' title='bbox 801 2097 971 2151; x_wconf 88' lang='lat' dir='ltr'>Nostri,</span> <span class='ocrx_word' id='word_1_216' title='bbox 1011 2096 1089 2152; x_wconf 92' lang='lat' dir='ltr'>qui</span> <span class='ocrx_word' id='word_1_217' title='bbox 1123 2095 1412 2138; x_wconf 89' lang='lat' dir='ltr'>Aristotelem</span> <span class='ocrx_word' id='word_1_218' title='bbox 1443 2097 1812 2153; x_wconf 76' lang='lat' dir='ltr'>interpretantur,</span> <span class='ocrx_word' id='word_1_219' title='bbox 1850 2110 1942 2137; x_wconf 90' lang='lat' dir='ltr'>non</span> <span class='ocrx_word' id='word_1_220' title='bbox 1971 2095 2060 2137; x_wconf 90' lang='lat' dir='ltr'>nisi</span> 
     </span>
     <span class='ocr_line' id='line_1_29' title="bbox 370 2166 2061 2225; baseline -0.002 -14"><span class='ocrx_word' id='word_1_221' title='bbox 370 2184 472 2211; x_wconf 89' lang='lat' dir='ltr'>cum</span> <span class='ocrx_word' id='word_1_222' title='bbox 504 2184 670 2225; x_wconf 88' lang='lat' dir='ltr'>magno</span> <span class='ocrx_word' id='word_1_223' title='bbox 704 2169 878 2210; x_wconf 88' lang='lat' dir='ltr'>delectu</span> <span class='ocrx_word' id='word_1_224' title='bbox 908 2169 1172 2224; x_wconf 86' lang='lat' dir='ltr'>interpretes</span> <span class='ocrx_word' id='word_1_225' title='bbox 1204 2182 1277 2208; x_wconf 90' lang='lat' dir='ltr'>eos</span> <span class='ocrx_word' id='word_1_226' title='bbox 1307 2167 1475 2222; x_wconf 87' lang='lat' dir='ltr'>legant,</span> <span class='ocrx_word' id='word_1_227' title='bbox 1508 2167 1586 2223; x_wconf 90' lang='lat' dir='ltr'>qui</span> <span class='ocrx_word' id='word_1_228' title='bbox 1617 2171 1772 2209; x_wconf 85' lang='lat' dir='ltr'>contra</span> <span class='ocrx_word' id='word_1_229' title='bbox 1803 2166 2061 2209; x_wconf 83' lang='lat' dir='ltr'>Christiana</span> 
     </span>
     <span class='ocr_line' id='line_1_30' title="bbox 371 2237 2062 2298; baseline -0.002 -15"><span class='ocrx_word' id='word_1_230' title='bbox 371 2241 589 2297; x_wconf 84' lang='lat' dir='ltr'>dogmata</span> <span class='ocrx_word' id='word_1_231' title='bbox 620 2241 758 2298; x_wconf 85' lang='lat' dir='ltr'>impie</span> <span class='ocrx_word' id='word_1_232' title='bbox 792 2241 1077 2298; x_wconf 82' lang='lat' dir='ltr'>scripserunt,</span> <span class='ocrx_word' id='word_1_233' title='bbox 1112 2243 1157 2280; x_wconf 91' lang='lat' dir='ltr'>et</span> <span class='ocrx_word' id='word_1_234' title='bbox 1190 2238 1385 2281; x_wconf 89' lang='lat' dir='ltr'>maxime</span> <span class='ocrx_word' id='word_1_235' title='bbox 1416 2238 1698 2295; x_wconf 87' lang='lat' dir='ltr'>impugnent,</span> <span class='ocrx_word' id='word_1_236' title='bbox 1731 2253 1843 2294; x_wconf 89' lang='lat' dir='ltr'>quae</span> <span class='ocrx_word' id='word_1_237' title='bbox 1875 2237 2062 2280; x_wconf 84' lang='lat' dir='ltr'>Christi-</span> 
     </span>
     <span class='ocr_line' id='line_1_31' title="bbox 372 2309 2062 2366; baseline -0.002 -12"><span class='ocrx_word' id='word_1_238' title='bbox 372 2327 482 2354; x_wconf 87' lang='lat' dir='ltr'>anae</span> <span class='ocrx_word' id='word_1_239' title='bbox 514 2312 699 2354; x_wconf 81' lang='lat' dir='ltr'>vcritati</span> <span class='ocrx_word' id='word_1_240' title='bbox 731 2313 1047 2354; x_wconf 83' lang='lat' dir='ltr'>aduersantur:</span> <span class='ocrx_word' id='word_1_241' title='bbox 1081 2315 1126 2352; x_wconf 88' lang='lat' dir='ltr'>et</span> <span class='ocrx_word' id='word_1_242' title='bbox 1156 2311 1222 2352; x_wconf 88' lang='lat' dir='ltr'>ita</span> <span class='ocrx_word' id='word_1_243' title='bbox 1244 2309 1581 2366; x_wconf 88' lang='lat' dir='ltr'>Philosophiam</span> <span class='ocrx_word' id='word_1_244' title='bbox 1615 2309 1978 2366; x_wconf 83' lang='lat' dir='ltr'>interpretentur,</span> <span class='ocrx_word' id='word_1_245' title='bbox 2010 2312 2062 2351; x_wconf 90' lang='lat' dir='ltr'>vt</span> 
     </span>
     <span class='ocr_line' id='line_1_32' title="bbox 372 2379 2062 2437; baseline -0.001 -15"><span class='ocrx_word' id='word_1_246' title='bbox 372 2397 502 2424; x_wconf 87' lang='lat' dir='ltr'>verae</span> <span class='ocrx_word' id='word_1_247' title='bbox 535 2382 807 2437; x_wconf 77' lang='lat' dir='ltr'>Theologiae</span> <span class='ocrx_word' id='word_1_248' title='bbox 842 2382 1157 2435; x_wconf 79' lang='lat' dir='ltr'>Scholasticae,</span> <span class='ocrx_word' id='word_1_249' title='bbox 1197 2395 1332 2436; x_wconf 89' lang='lat' dir='ltr'>quam</span> <span class='ocrx_word' id='word_1_250' title='bbox 1372 2380 1503 2422; x_wconf 90' lang='lat' dir='ltr'>nobis</span> <span class='ocrx_word' id='word_1_251' title='bbox 1540 2379 1857 2422; x_wconf 88' lang='lat' dir='ltr'>commendant</span> <span class='ocrx_word' id='word_1_252' title='bbox 1887 2379 2062 2422; x_wconf 85' lang='lat' dir='ltr'>Consti-</span> 
     </span>
     <span class='ocr_line' id='line_1_33' title="bbox 372 2450 2062 2508; baseline -0.001 -15"><span class='ocrx_word' id='word_1_253' title='bbox 372 2454 585 2508; x_wconf 82' lang='lat' dir='ltr'>tutiones,</span> <span class='ocrx_word' id='word_1_254' title='bbox 619 2453 827 2496; x_wconf 84' lang='lat' dir='ltr'>ancillari</span> <span class='ocrx_word' id='word_1_255' title='bbox 860 2457 905 2495; x_wconf 93' lang='lat' dir='ltr'>et</span> <span class='ocrx_word' id='word_1_256' title='bbox 935 2453 1187 2495; x_wconf 84' lang='lat' dir='ltr'>subseruire</span> <span class='ocrx_word' id='word_1_257' title='bbox 1209 2452 1422 2494; x_wconf 73' lang='lat' dir='ltr'>iaciant.“</span> <span class='ocrx_word' id='word_1_258' title='bbox 1449 2478 1500 2483; x_wconf 97' lang='lat'><strong>—</strong></span> <span class='ocrx_word' id='word_1_259' title='bbox 1525 2452 1767 2507; x_wconf 84' lang='lat' dir='ltr'>Propterea</span> <span class='ocrx_word' id='word_1_260' title='bbox 1786 2450 2062 2493; x_wconf 87' lang='lat' dir='ltr'>Professores</span> 
     </span>
     <span class='ocr_line' id='line_1_34' title="bbox 375 2522 2063 2579; baseline 0 -15"><span class='ocrx_word' id='word_1_261' title='bbox 375 2524 619 2565; x_wconf 86' lang='lat' dir='ltr'>Auerroem</span> <span class='ocrx_word' id='word_1_262' title='bbox 652 2524 820 2565; x_wconf 90' lang='lat' dir='ltr'>aliosue</span> <span class='ocrx_word' id='word_1_263' title='bbox 848 2523 982 2566; x_wconf 88' lang='lat' dir='ltr'>huius</span> <span class='ocrx_word' id='word_1_264' title='bbox 1003 2523 1176 2565; x_wconf 87' lang='lat' dir='ltr'>farinae</span> <span class='ocrx_word' id='word_1_265' title='bbox 1196 2522 1494 2579; x_wconf 85' lang='lat' dir='ltr'>Philosophos</span> <span class='ocrx_word' id='word_1_266' title='bbox 1515 2522 1582 2563; x_wconf 88' lang='lat' dir='ltr'>ita</span> <span class='ocrx_word' id='word_1_267' title='bbox 1601 2523 1757 2578; x_wconf 88' lang='lat' dir='ltr'>legant</span> <span class='ocrx_word' id='word_1_268' title='bbox 1778 2527 1823 2564; x_wconf 92' lang='lat' dir='ltr'>et</span> <span class='ocrx_word' id='word_1_269' title='bbox 1854 2523 2063 2578; x_wconf 87' lang='lat' dir='ltr'>allegent,</span> 
     </span>
     <span class='ocr_line' id='line_1_35' title="bbox 374 2592 2063 2648; baseline -0.001 -13"><span class='ocrx_word' id='word_1_270' title='bbox 374 2599 426 2635; x_wconf 85' lang='lat' dir='ltr'>vt</span> <span class='ocrx_word' id='word_1_271' title='bbox 464 2609 554 2635; x_wconf 89' lang='lat' dir='ltr'>non</span> <span class='ocrx_word' id='word_1_272' title='bbox 597 2595 797 2637; x_wconf 88' lang='lat' dir='ltr'>diuidere</span> <span class='ocrx_word' id='word_1_273' title='bbox 836 2594 1078 2637; x_wconf 89' lang='lat' dir='ltr'>videantur</span> <span class='ocrx_word' id='word_1_274' title='bbox 1116 2598 1279 2636; x_wconf 88' lang='lat' dir='ltr'>sectam</span> <span class='ocrx_word' id='word_1_275' title='bbox 1313 2592 1690 2648; x_wconf 88' lang='lat' dir='ltr'>Auerroistarum,</span> <span class='ocrx_word' id='word_1_276' title='bbox 1732 2597 1897 2636; x_wconf 87' lang='lat' dir='ltr'>sectam</span> <span class='ocrx_word' id='word_1_277' title='bbox 1928 2594 2063 2636; x_wconf 76' lang='lat' dir='ltr'>Grrae-</span> 
     </span>
     <span class='ocr_line' id='line_1_36' title="bbox 375 2664 2064 2722; baseline 0.001 -17"><span class='ocrx_word' id='word_1_278' title='bbox 375 2679 542 2718; x_wconf 83' lang='lat' dir='ltr'>corum,</span> <span class='ocrx_word' id='word_1_279' title='bbox 576 2669 743 2706; x_wconf 81' lang='lat' dir='ltr'>sectam</span> <span class='ocrx_word' id='word_1_280' title='bbox 766 2665 1055 2707; x_wconf 86' lang='lat' dir='ltr'>Latinorum:</span> <span class='ocrx_word' id='word_1_281' title='bbox 1088 2681 1170 2707; x_wconf 88' lang='lat' dir='ltr'>nec</span> <span class='ocrx_word' id='word_1_282' title='bbox 1201 2665 1288 2722; x_wconf 89' lang='lat' dir='ltr'>ipsi</span> <span class='ocrx_word' id='word_1_283' title='bbox 1319 2665 1477 2706; x_wconf 89' lang='lat' dir='ltr'>harum</span> <span class='ocrx_word' id='word_1_284' title='bbox 1509 2668 1727 2706; x_wconf 87' lang='lat' dir='ltr'>sectarum</span> <span class='ocrx_word' id='word_1_285' title='bbox 1760 2664 1895 2706; x_wconf 89' lang='lat' dir='ltr'>alicui</span> <span class='ocrx_word' id='word_1_286' title='bbox 1926 2679 1970 2706; x_wconf 92' lang='lat' dir='ltr'>se</span> <span class='ocrx_word' id='word_1_287' title='bbox 1990 2664 2064 2706; x_wconf 87' lang='lat' dir='ltr'>vel</span> 
     </span>
     <span class='ocr_line' id='line_1_37' title="bbox 376 2733 2063 2793; baseline 0 -18"><span class='ocrx_word' id='word_1_288' title='bbox 376 2749 477 2776; x_wconf 85' lang='lat' dir='ltr'>suos</span> <span class='ocrx_word' id='word_1_289' title='bbox 509 2735 735 2790; x_wconf 86' lang='lat' dir='ltr'>addicant,</span> <span class='ocrx_word' id='word_1_290' title='bbox 777 2736 853 2777; x_wconf 88' lang='lat' dir='ltr'>sed</span> <span class='ocrx_word' id='word_1_291' title='bbox 884 2736 1164 2791; x_wconf 87' lang='lat' dir='ltr'>singulorum</span> <span class='ocrx_word' id='word_1_292' title='bbox 1195 2750 1273 2793; x_wconf 86' lang='lat' dir='ltr'>per</span> <span class='ocrx_word' id='word_1_293' title='bbox 1304 2749 1349 2776; x_wconf 88' lang='lat' dir='ltr'>se</span> <span class='ocrx_word' id='word_1_294' title='bbox 1379 2735 1623 2776; x_wconf 87' lang='lat' dir='ltr'>sententias</span> <span class='ocrx_word' id='word_1_295' title='bbox 1653 2738 1899 2792; x_wconf 88' lang='lat' dir='ltr'>exponant:</span> <span class='ocrx_word' id='word_1_296' title='bbox 1952 2738 1995 2776; x_wconf 93' lang='lat' dir='ltr'>et</span> <span class='ocrx_word' id='word_1_297' title='bbox 2027 2733 2063 2775; x_wconf 91' lang='lat' dir='ltr'>si</span> 
     </span>
     <span class='ocr_line' id='line_1_38' title="bbox 377 2805 2063 2860; baseline 0.001 -15"><span class='ocrx_word' id='word_1_298' title='bbox 377 2805 556 2860; x_wconf 86' lang='lat' dir='ltr'>quando</span> <span class='ocrx_word' id='word_1_299' title='bbox 578 2805 696 2847; x_wconf 89' lang='lat' dir='ltr'>male</span> <span class='ocrx_word' id='word_1_300' title='bbox 729 2806 915 2847; x_wconf 86' lang='lat' dir='ltr'>senserit</span> <span class='ocrx_word' id='word_1_301' title='bbox 936 2806 1171 2860; x_wconf 73' lang='lat' dir='ltr'>Auerroes,</span> <span class='ocrx_word' id='word_1_302' title='bbox 1204 2805 1309 2847; x_wconf 90' lang='lat' dir='ltr'>inde</span> <span class='ocrx_word' id='word_1_303' title='bbox 1331 2809 1511 2847; x_wconf 86' lang='lat' dir='ltr'>sumant</span> <span class='ocrx_word' id='word_1_304' title='bbox 1534 2806 1812 2848; x_wconf 86' lang='lat' dir='ltr'>occasionem</span> <span class='ocrx_word' id='word_1_305' title='bbox 1834 2805 2063 2848; x_wconf 86' lang='lat' dir='ltr'>deterendi</span> 
     </span>
     <span class='ocr_line' id='line_1_39' title="bbox 379 2875 2063 2932; baseline 0.001 -16"><span class='ocrx_word' id='word_1_306' title='bbox 379 2875 472 2917; x_wconf 85' lang='lat' dir='ltr'>eius</span> <span class='ocrx_word' id='word_1_307' title='bbox 505 2876 834 2930; x_wconf 82' lang='lat' dir='ltr'>auctoritatem,</span> <span class='ocrx_word' id='word_1_308' title='bbox 868 2877 944 2918; x_wconf 87' lang='lat' dir='ltr'>sed</span> <span class='ocrx_word' id='word_1_309' title='bbox 976 2876 1127 2932; x_wconf 87' lang='lat' dir='ltr'>potius</span> <span class='ocrx_word' id='word_1_310' title='bbox 1159 2876 1449 2932; x_wconf 81' lang='lat' dir='ltr'>argumentis,</span> <span class='ocrx_word' id='word_1_311' title='bbox 1482 2891 1614 2932; x_wconf 85' lang='lat' dir='ltr'>quam</span> <span class='ocrx_word' id='word_1_312' title='bbox 1649 2875 1871 2932; x_wconf 84' lang='lat' dir='ltr'>conuitijs.</span> <span class='ocrx_word' id='word_1_313' title='bbox 1933 2876 1997 2918; x_wconf 90' lang='lat' dir='ltr'>At</span> <span class='ocrx_word' id='word_1_314' title='bbox 2027 2876 2063 2918; x_wconf 90' lang='lat' dir='ltr'>si</span> 
     </span>
     <span class='ocr_line' id='line_1_40' title="bbox 378 2946 2065 3001; baseline 0.002 -17"><span class='ocrx_word' id='word_1_315' title='bbox 378 2947 556 3001; x_wconf 80' lang='lat' dir='ltr'>quando</span> <span class='ocrx_word' id='word_1_316' title='bbox 590 2947 715 3000; x_wconf 80' lang='lat' dir='ltr'>bene,</span> <span class='ocrx_word' id='word_1_317' title='bbox 747 2946 843 2987; x_wconf 84' lang='lat' dir='ltr'>sinc</span> <span class='ocrx_word' id='word_1_318' title='bbox 876 2947 971 2987; x_wconf 74' lang='lat' dir='ltr'>eius</span> <span class='ocrx_word' id='word_1_319' title='bbox 1002 2948 1135 2988; x_wconf 86' lang='lat' dir='ltr'>laude</span> <span class='ocrx_word' id='word_1_320' title='bbox 1166 2948 1214 2989; x_wconf 89' lang='lat' dir='ltr'>id</span> <span class='ocrx_word' id='word_1_321' title='bbox 1245 2947 1533 2989; x_wconf 79' lang='lat' dir='ltr'>(lofe11‹.latu1·:</span> <span class='ocrx_word' id='word_1_322' title='bbox 1587 2951 1631 2989; x_wconf 86' lang='lat' dir='ltr'>et</span> <span class='ocrx_word' id='word_1_323' title='bbox 1662 2962 1717 2990; x_wconf 90' lang='lat' dir='ltr'>ne</span> <span class='ocrx_word' id='word_1_324' title='bbox 1750 2947 1976 2989; x_wconf 84' lang='lat' dir='ltr'>auditores</span> <span class='ocrx_word' id='word_1_325' title='bbox 2007 2946 2065 2988; x_wconf 86' lang='lat' dir='ltr'>ad</span> 
     </span>
     <span class='ocr_line' id='line_1_41' title="bbox 379 3017 2064 3074; baseline 0 -16"><span class='ocrx_word' id='word_1_326' title='bbox 379 3032 479 3058; x_wconf 87' lang='lat' dir='ltr'>eum</span> <span class='ocrx_word' id='word_1_327' title='bbox 531 3017 797 3070; x_wconf 79' lang='lat' dir='ltr'>afficiantur,</span> <span class='ocrx_word' id='word_1_328' title='bbox 853 3018 1109 3072; x_wconf 69' lang='lat' dir='ltr'>ostendant,</span> <span class='ocrx_word' id='word_1_329' title='bbox 1166 3017 1202 3058; x_wconf 85' lang='lat' dir='ltr'>si</span> <span class='ocrx_word' id='word_1_330' title='bbox 1253 3022 1452 3074; x_wconf 84' lang='lat' dir='ltr'>possunt,</span> <span class='ocrx_word' id='word_1_331' title='bbox 1502 3018 1549 3059; x_wconf 85' lang='lat' dir='ltr'>id</span> <span class='ocrx_word' id='word_1_332' title='bbox 1595 3019 1835 3060; x_wconf 87' lang='lat' dir='ltr'>Auerroem</span> <span class='ocrx_word' id='word_1_333' title='bbox 1885 3017 2064 3059; x_wconf 89' lang='lat' dir='ltr'>aliunde</span> 
     </span>
     <span class='ocr_line' id='line_1_42' title="bbox 379 3088 2063 3145; baseline -0.001 -16"><span class='ocrx_word' id='word_1_334' title='bbox 379 3089 635 3145; x_wconf 76' lang='lat' dir='ltr'>sumpsisse,</span> <span class='ocrx_word' id='word_1_335' title='bbox 699 3103 779 3129; x_wconf 71' lang='lat' dir='ltr'>nec</span> <span class='ocrx_word' id='word_1_336' title='bbox 838 3089 991 3142; x_wconf 70' lang='lat' dir='ltr'>legant</span> <span class='ocrx_word' id='word_1_337' title='bbox 1050 3089 1144 3130; x_wconf 67' lang='lat' dir='ltr'>cius</span> <span class='ocrx_word' id='word_1_338' title='bbox 1195 3088 1491 3143; x_wconf 74' lang='lat' dir='ltr'>digressiones</span> <span class='ocrx_word' id='word_1_339' title='bbox 1542 3093 1754 3144; x_wconf 84' lang='lat' dir='ltr'>tanquam</span> <span class='ocrx_word' id='word_1_340' title='bbox 1809 3091 2063 3144; x_wconf 86' lang='lat' dir='ltr'>separatum</span> 
     </span>
    </p>
   </div>
  </div>
 </body>
</html>
