2153 3467
332 201 418 243 5364
508 213 618 247 Ratio
645 213 847 248 studiorum
874 219 912 248 et
935 213 1188 250 institutiones
1214 216 1456 252 scholasticae
1481 216 1676 252 Societatis
1702 217 1791 252 Jesu
1815 219 1854 253 II

331 331 711 386 communicetur,
758 334 1003 391 eodemque
1046 336 1179 379 modo
1219 340 1465 391 statuatur,
1507 337 1543 378 si
1580 336 1657 393 qui
1696 337 1812 380 forte
1850 338 1897 380 in
1938 355 2056 381 anno

329 401 433 442 libri
466 402 559 444 sive
591 403 829 460 scriptores
861 407 1170 450 commutandi
1202 407 1305 449 sint.

48 506 202 530 Librorum
225 510 316 538 copia.

473 508 549 554 28.
614 512 809 566 Efficiat,
842 519 892 555 ut
928 515 1192 571 tempestive
1225 531 1325 556 cum
1367 515 1561 571 publicis
1594 516 1852 573 bibliopolis
1883 523 2060 572 agatur,

330 595 384 621 ne
415 580 652 636 librorum,
695 584 859 640 quibus
890 590 968 627 aut
1000 586 1046 627 in
1078 586 1173 627 dies
1205 585 1376 628 utimur
1408 590 1486 628 aut
1518 586 1566 628 in
1598 592 1857 642 sequentem
1893 604 2060 631 annum

330 653 453 694 usuri
485 669 639 697 sumus
671 661 769 699 tum
801 673 883 700 nos
914 664 1012 701 tum
1044 660 1233 712 externi,
1266 660 1396 716 copia
1426 659 1717 702 desideretur.

474 724 553 771 29.
619 728 871 783 Cujuslibet
904 730 1012 772 anni
1043 730 1177 772 initio
1218 746 1298 772 sua
1331 731 1523 787 singulis
1561 732 1841 774 auditoribus
1879 748 2062 775 scamna

119 794 293 861 gsssssffgssg
334 803 378 839 et
411 797 696 841 Confessores
729 801 802 842 vel
834 816 912 857 per
943 818 988 843 se
1019 802 1093 843 vel
1123 817 1201 858 per
1223 803 1478 858 Magistros,
1512 803 1706 844 alumnis
1729 804 1865 845 etiam
1894 808 1939 845 et
1959 819 2063 846 con—

330 869 578 912 victoribus
611 887 690 927 per
721 887 875 914 eorum
915 873 1228 927 moderatores,
1261 874 1461 930 assignet
1501 874 1606 925 (nisi
1646 874 1761 916 forte
1802 876 1970 918 alicubi
2008 891 2064 918 ex

331 941 561 983 doctrinae
594 943 750 984 ordine
783 944 966 986 sedendi
999 946 1106 987 ordo
1139 950 1401 998 statuatur),
1433 945 1663 988 nobilibus
1701 946 1908 1002 quidem¹
1947 962 2064 989 com-

329 1012 552 1067 modiora,
592 1015 757 1056 nostris
798 1031 905 1057 vero
947 1021 992 1058 et
1031 1017 1132 1058 aliis
1171 1017 1277 1059 item
1316 1017 1559 1073 religiosis,
1602 1018 1639 1059 si
1678 1018 1853 1071 adsint,
1898 1019 1953 1076 ab
1993 1035 2066 1061 ex-

330 1085 471 1126 ternis
503 1090 730 1142 separata3
775 1103 922 1143 neque
962 1088 1238 1143 committat,
1280 1094 1332 1131 ut
1369 1105 1536 1146 magna
1577 1090 1729 1145 aliqua
1769 1092 2065 1133 commutatio

333 1172 377 1197 se
410 1156 552 1198 inscio
586 1157 678 1199 fiat.

81 1227 305 1292 Ρήζξῌρῖζῖὥῑ
479 1228 558 1272 30.
624 1231 867 1286 Permagni
901 1232 1101 1285 interest,
1133 1237 1185 1274 ut
1207 1233 1490 1274 auditoribus
1513 1248 1603 1275 non
1627 1233 1760 1276 modo
1777 1234 1958 1288 nostris,
1992 1235 2068 1277 sed

330 1301 526 1342 alumnis
559 1302 693 1343 etiam
728 1304 799 1344 vel
833 1303 1191 1358 convictoribus,
1239 1309 1297 1358 et,
1344 1305 1381 1345 si
1412 1304 1536 1347 ,snihil
1576 1305 1824 1358 obstiterit,
1873 1305 2068 1347 externis

331 1388 507 1427 quoque
539 1374 803 1416 Praefectus
834 1390 911 1431 per
933 1376 1177 1430 Magistros
1197 1376 1271 1418 vel
1303 1391 1383 1432 per
1414 1376 1524 1417 alios
1556 1375 1738 1417 illorum
1763 1376 2068 1431 Collegiorum

332 1445 591 1487 Praefectos
633 1450 811 1503 tempus
852 1447 917 1489 ita
955 1447 1219 1502 distribuat,
1258 1452 1310 1489 ut
1349 1447 1519 1504 privati
1560 1446 1700 1489 studii
1745 1452 1920 1504 tempus
1956 1448 2069 1490 bene

331 1515 566 1558 collocent.

122 1587 294 1646 'mffissffijfflS
473 1588 545 1633 31.
610 1590 794 1631 Nullam
837 1590 913 1632 det
945 1591 1161 1647 cuipiam,
1203 1591 1465 1646 praesertim
1503 1590 1780 1643 diuturnam,
1812 1590 1901 1631 nisi
1933 1590 2065 1645 gravi

331 1659 385 1700 de
418 1675 564 1713 causa,
597 1676 624 1701 a
655 1661 860 1704 versibus
894 1666 938 1703 et
969 1663 1141 1717 graecis
1174 1662 1397 1704 discendis
1429 1661 1779 1703 immunitatem.

105 1731 334 1791 ’ἐξζζζῗξῇᾞίωἮ
478 1730 556 1778 32.
619 1733 774 1786 Curet,
814 1738 866 1775 ut
906 1733 1256 1775 declamationes
1288 1738 1545 1775 menstruae
1583 1733 1701 1787 (decl.
1745 1733 2064 1786 solemofziores),

330 1819 444 1858 quae
460 1804 639 1860 publice
656 1805 703 1846 in
727 1806 830 1847 aula
853 1821 879 1846 a
902 1805 1203 1847 Rhetoribus2
1226 1805 1464 1858 habentur,
1497 1803 1775 1860 superiorum
1798 1804 1933 1845 etiam
1954 1803 2065 1845 clas-

330 1874 446 1916 sium
467 1876 734 1931 frequentia,
755 1892 846 1918 non
864 1877 996 1919 modo
1017 1876 1268 1918 Rhetorum
1289 1880 1334 1917 et
1349 1875 1767 1928 Humanistarum,³
1780 1875 2067 1917 cohonesten-

331 1952 419 1988 tur.
483 1947 678 2003 Ideoque
718 1948 927 2002 Magistri
977 1949 1328 2001 admoneantur,
1368 1952 1420 1989 ut
1460 1961 1562 1989 suos
1606 1946 1794 2001 quisque
1838 1946 2066 1987 auditores

330 2018 548 2071 invitent3
584 2035 637 2061 ex
670 2020 836 2062 nostris
868 2035 974 2062 vero
1007 2019 1178 2062 nemini
1211 2020 1362 2061 abesse
1401 2018 1558 2072 liceat,
1590 2017 1677 2058 nisi
1709 2033 1735 2060 a
1766 2017 1960 2058 Rectore
1991 2032 2067 2073 po-

334 2094 541 2131 testatem
575 2090 841 2146 impetrarit.

64 2159 230 2184 Scholarum
254 2161 313 2183 dis—

100 2196 279 2225 potationes,

477 2160 555 2206 33.
620 2163 896 2215 Consideret,
931 2163 1126 2218 quando,
1160 2178 1248 2218 qua
1269 2162 1458 2214 ratione,
1490 2165 1534 2202 et
1567 2176 1655 2216 quo
1678 2160 1917 2202 convenire
1939 2159 2068 2201 debe-

330 2238 411 2273 ant
442 2233 619 2275 scholae
651 2235 707 2276 ad
741 2234 1065 2290 disputandum
1098 2234 1217 2276 inter
1250 2249 1314 2287 se,
1348 2248 1431 2273 nec
1462 2232 1606 2273 solum
1640 2230 1900 2287 disputandi
1932 2230 2068 2272 ratio-

330 2318 430 2344 nem
471 2310 574 2346 ante
615 2305 908 2360 praescribat,
954 2306 1028 2347 sed
1069 2305 1225 2357 etiam,
1278 2303 1381 2346 dum
1438 2306 1656 2355 certatur,
1712 2316 1919 2358 praesens
1973 2301 2068 2357 ipse

333 2375 485 2416 sedulo
519 2380 654 2429 curet,
687 2381 739 2417 ut
771 2377 1012 2431 fructuose,
1045 2376 1265 2429 modeste,
1304 2379 1462 2432 pacate
1502 2378 1721 2429 gerantur
1753 2373 1917 2415 omnia.
1980 2373 2068 2414 Eo-

333 2446 523 2502 demque
562 2448 695 2490 modo
738 2448 988 2490 Rhetorum
1038 2453 1082 2489 et
1115 2445 1518 2489 Humanistarum³
1556 2443 1961 2486 declamationibus
1992 2458 2068 2484 seu

333 2518 723 2572 praelectionibus,
757 2534 866 2575 quas
899 2518 946 2560 in
979 2519 1217 2574 gymnasio
1250 2518 1414 2560 habere
1446 2517 1605 2568 solent,
1637 2514 1828 2557 intersit.

151 2609 329 2632 Academiae.
477 2588 552 2635 34.
617 2589 688 2632 Ad
711 2590 934 2632 literarias
969 2587 1204 2645 exercita-1
1369 2595 1473 2628 1832:
1511 2587 1587 2634 34.
1637 2591 1673 2640 §-
1696 2590 1733 2630 1.
1766 2585 2069 2640 Magnamad-

337 2660 481 2701 tiones
538 2661 673 2702 altius
726 2661 1046 2718 imprimendas
1108 2647 1375 2716 detflhibeat
1406 2674 1580 2712 curam,
1621 2662 1673 2700 ut
1713 2657 1896 2714 publica
1934 2655 2070 2712 speci-

336 2745 528 2787 operam,
563 2736 627 2783 ut,
661 2732 693 2772 si
722 2732 903 2774 Rectori
935 2718 1346 2784 videbitiir,lmina
1383 2731 1471 2771 rite
1514 2729 1815 2781 celebrentur,
1858 2742 1939 2768 nec
1975 2727 2070 2768 sine

335 2802 381 2843 in
403 2802 619 2843 classibus
647 2817 737 2843 non
762 2803 894 2844 modo
916 2801 1185 2844 Rhetoricae
1223 2801 1341 2842 bona
1380 2805 1636 2841 nostrarum
1682 2799 1934 2841 scholarum
1981 2797 2070 2838 exi-

335 2879 380 2915 et
406 2873 734 2922 Humanitatis,
769 2874 846 2915 sed
868 2874 1003 2915 etiam
1027 2874 1186 2915 Gram-
1224 2871 1507 2923 stimatione3
1548 2870 1646 2912 ideo
1680 2868 1945 2925 tempestive
1977 2883 2069 2909 mo-

335 2946 537 2995 maticae,
571 2944 845 2986 Academiae
866 2944 1183 2997 instituantur,
1221 2947 1328 2983 neat
1391 2941 1649 2997 dirigatque
1701 2939 1965 2995 MagistrOS,
2027 2942 2071 2979 et

336 3017 383 3057 in
416 3016 581 3072 quibus
613 3015 742 3057 statis
776 3015 933 3056 (liebus
964 3012 1411 3069 certisqueipsemet
1428 3027 1502 3054 eos
1517 3011 1756 3063 auditores,
1775 3009 1852 3065 qui
1866 3008 2071 3065 inpubli-

482 3133 492 3153 ¹
523 3133 630 3167 1832:
660 3131 741 3174 „ubi
768 3133 842 3166 fert
866 3135 987 3166 usus.“
1361 3130 1374 3150 ²
1400 3139 1451 3173 pr.
1480 3140 1523 3170 „a
1549 3126 1768 3162 Rhetoricae
1795 3125 2056 3162 auditoribus.“
