2153 3467
109 1528 279 1553 Praelectio.

324 189 412 231 430
519 197 629 233 Ratio
655 197 859 234 studiorum
886 204 925 234 et
949 192 1208 235 institutiones
1235 192 1474 234 scholasticae
1501 196 1698 234 Societatis
1730 199 1821 235 Jesu
1847 199 1886 235 II

464 319 508 363 4.
572 317 935 360 Exercitationes
968 318 1208 360 tradendae
1240 317 1486 373 discipuliS,
1519 317 1627 359 dum
1658 317 1826 374 scripta
1848 318 2048 374 corrigit,

324 395 456 430 erunt
487 403 555 430 ex.
588 403 654 443 gr.
687 389 930 431 vernacula
961 389 1131 431 dictata
1169 394 1268 430 tum
1301 389 1357 430 ad
1391 388 1586 430 auctoris
1617 388 1917 430 imitationem
1951 393 2050 431 tum

325 459 381 500 ad
413 459 621 515 syntaxis
652 465 889 516 praecepta
920 459 1062 500 latina
1101 459 1258 512 facere,
1291 459 1529 500 lectionem
1553 459 1891 501 Ciceronianam
1921 464 2046 513 (aue-

325 533 485 583 torum)
517 544 570 571 ex
603 529 747 571 latino
780 530 827 571 in
847 530 1104 585 vulgare1n¹
1139 530 1370 585 (patrium)
1403 544 1650 571 sermonem
1671 530 1923 584 transferre,
1950 546 2052 572 ean-

324 601 424 642 dem
464 601 604 642 latine
643 601 960 654 transcribere,
1000 600 1104 642 inde
1143 600 1326 657 phrases
1370 600 1666 655 elegantiores
1705 615 1956 658 excerpere,
1995 616 2051 642 ex

322 671 642 726 grammaticae
680 671 928 728 praeceptis
969 685 1119 712 recens
1158 671 1394 727 explicatis
1436 671 1743 713 dubitationes
1781 671 1968 713 aemulis
2008 676 2052 712 et

322 742 570 783 locutiones
602 742 914 798 proponendas
937 741 1209 797 depromere,
1243 742 1483 784 dissolutos
1505 757 1660 785 versus
1680 742 1947 784 concinnare
1974 746 2052 783 aut

323 813 554 867 conficere,
586 828 744 867 graeca
767 812 1016 854 describere
1048 816 1211 868 (yraece,
1230 814 1430 868 scribere)
1463 817 1507 854 et
1533 813 1622 855 alia
1642 812 1819 869 generis
1840 812 2050 868 ejusdem.

1187 890 1300 943 '1832
1326 890 1445 925 addit:
1492 884 1763 940 Hujusmodi
1796 888 1947 926 autem
1979 899 2051 925 ex-

1187 956 1492 998 ¹ercitationes
1513 955 1611 997 fieri
1633 959 1845 1011 poterunt
1867 955 2051 996 alternis

1206 1027 1378 1081 diebus,
1415 1041 1545 1068 mane
1584 1026 1680 1068 loco
1718 1026 1923 1082 publicae
1956 1040 2050 1067 001-

1205 1098 1437 1152 rectionis,
1502 1097 1573 1140 vel
1629 1112 1810 1154 vespere
1858 1097 2052 1139 secunda

1206 1169 1315 1210 hora
1347 1168 1524 1210 scholae
1566 1172 1646 1210 aut
1677 1168 1766 1209 alio
1796 1173 2049 1225 opportuno

1205 1245 1403 1296 tempore
1434 1240 1640 1281 consulto
1661 1239 1905 1282 PraefectO.
1956 1239 2052 1281 Sal-

1204 1316 1295 1353 tem
1341 1325 1449 1354 vero
1495 1310 1628 1352 semel
1679 1310 1725 1352 in
1773 1309 2052 1352 hebdomada

1203 1382 1424 1424 scribetur
1455 1382 1504 1424 in
1535 1381 1688 1423 schola
1711 1396 1788 1437 per
1803 1381 1959 1422 horam
1981 1380 2050 1422 in-

1205 1458 1396 1509 tegram‚

461 1526 504 1572 ἴ).
552 1525 876 1568 Praelectionis
893 1525 1039 1566 forma
1056 1524 1167 1566 haec
1346 1525 1391 1571 5.
1439 1524 1759 1566 Praelectionis
1775 1524 1921 1566 forma
1942 1524 2051 1566 haec

317 1597 415 1639 erit.
494 1597 645 1638 Primo
702 1601 1017 1652 argumentum
1070 1600 1167 1638 tum
1205 1595 1304 1640 erit.
1329 1596 1530 1638 Primum
1542 1595 1722 1651 quidem
1735 1600 2050 1651 argumentum

318 1668 461 1710 latino
509 1673 605 1709 tum
645 1668 791 1724 patrio
830 1682 1032 1709 sermone
1071 1682 1168 1724 per·
1205 1672 1301 1709 tum
1339 1668 1482 1709 latino
1523 1671 1621 1709 tum
1662 1667 1811 1724 patrio
1849 1681 2050 1708 sermone

319 1739 527 1794 stringat.
591 1738 824 1780 Se0und02
872 1753 1168 1794 unamquam-
1206 1739 1491 1794 perstringat.
1554 1738 1729 1780 Deinde
1756 1753 2050 1793 unamquam-

319 1825 403 1865 que
450 1809 683 1866 periodum
722 1809 789 1851 ita
832 1809 1166 1865 interpretetur,
1205 1824 1289 1865 que
1334 1809 1568 1866 periodum
1601 1810 1666 1851 ita
1715 1809 2048 1866 interpretetur,

318 1887 370 1922 ut
419 1880 662 1923 vernacula
714 1879 935 1937 expositio
997 1880 1167 1921 latinae
1205 1886 1257 1923 ut
1307 1881 1548 1923 vernacula
1608 1880 1830 1936 expositio
1882 1879 2049 1921 latinae

319 1952 510 1994 subinde
544 1951 821 2006 subjiciatur.
873 1951 1025 1993 Tertio
1049 1967 1074 1993 a
1096 1966 1167 1993 ca·
1205 1952 1394 1994 subinde
1427 1951 1704 2008 subjiciatur.
1758 1951 1910 1993 Tertio
1931 1966 1957 1992 a
1979 1966 2049 1994 ca-

318 2023 410 2078 pite
442 2037 670 2065 recurrens
693 2022 796 2076 (nisi
828 2022 958 2063 malit
976 2022 1061 2086 ipsi
1094 2037 1167 2064 ex·
1204 2024 1298 2080 pite
1343 2038 1574 2065 recurrens
1627 2023 1731 2077 (nisi
1781 2023 1911 2064 malit
1962 2023 2048 2079 ipsi

318 2093 911 2150 plicationiinserere)binas
924 2098 1002 2135 aut
1018 2098 1167 2136 ternas
1203 2094 1493 2151 explicationi
1540 2094 1750 2148 inserere)
1801 2094 1928 2135 binas
1971 2099 2049 2136 aut

318 2165 479 2220 seligat
517 2180 670 2219 voces,
719 2178 908 2220 quarum
948 2165 1041 2207 vim
1086 2170 1165 2207 aut
1203 2171 1352 2208 ternas
1384 2166 1546 2221 seligat
1566 2179 1709 2220 voces,
1742 2179 1931 2221 quarum
1954 2165 2046 2208 vim

319 2237 541 2292 originem
584 2237 830 2293 expendat,
869 2252 1049 2292 unoque
1086 2241 1165 2279 aut
1204 2242 1283 2278 aut
1322 2237 1542 2292 originem
1590 2236 1816 2293 expendat
1854 2252 1905 2279 ac
1945 2251 2047 2278 cum

320 2308 459 2348 altero
475 2307 671 2362 ejusdem
688 2308 946 2365 praesertim
967 2309 1164 2350 auctoris
1203 2308 1351 2365 patria
1397 2308 1555 2363 lingua
1602 2308 1822 2363 conferat,
1869 2323 2048 2363 unoque

319 2379 522 2435 exemplo
554 2379 800 2421 confirmet.
1204 2384 1284 2421 aut
1331 2379 1470 2421 altero
1531 2379 1723 2435 ejusdem
1787 2380 2047 2436 praesertim

1182 2451 1397 2494 ‘auctoris
1428 2451 1632 2507 exemplo
1665 2449 1912 2492 confirmet.

461 2522 797 2564 Translationes
831 2521 967 2563 etiam
998 2521 1181 2564 evolvat
1218 2536 1268 2564 ac
1307 2522 1599 2576 demonstret,
1640 2522 1816 2564 fabulas
1848 2536 1948 2563 cum
1980 2521 2049 2563 hi-

319 2592 482 2645 storiis,
515 2598 560 2633 et
591 2608 704 2648 quae
737 2593 794 2635 ad
827 2592 1128 2634 eruditionem
1161 2593 1398 2649 pertinent,
1432 2592 1468 2633 si
1500 2607 1613 2647 quae
1656 2592 1886 2647 incidant,
1919 2592 2045 2634 brevi

319 2663 549 2719 expediat3
583 2663 711 2705 binas
744 2664 880 2706 etiam
911 2668 1121 2706 ternasve
1161 2664 1342 2720 phrases
1383 2663 1679 2718 elegantiores
1711 2667 1936 2720 excerpat3
1969 2678 2046 2718 po-

319 2739 482 2775 stremo
516 2734 748 2791 scriptoris
769 2735 906 2778 verba
929 2735 1054 2789 vulgi
1079 2749 1279 2777 sermone
1297 2737 1508 2788 (sermonv
1530 2735 1762 2776 vmvzaculo
1774 2735 2044 2789 eleyantiori)

320 2806 537 2847 decurrat.
591 2806 766 2846 Licebit
798 2810 945 2847 autem
980 2805 1171 2847 latinum
1200 2811 1532 2860 argumentum,
1565 2805 1914 2858 observationes,
1946 2819 2045 2861 pro—

319 2877 533 2932 prietates
565 2879 611 2916 et
640 2875 823 2931 phrases
855 2891 990 2932 quam
1024 2876 1285 2919 brevissime
1317 2876 1501 2918 dictare.

466 3043 477 3062 ¹
509 3052 560 3085 pr.
589 3041 805 3086 „patriqu

463 3101 476 3120 ²
501 3111 553 3144 pr.
582 3101 769 3146 „deinde“.
