2153 3467
115 329 182 353 Dies
205 329 294 352 sessus

137 366 267 388 sabbato.

69 471 122 495 Die
147 471 308 494 vacationis

77 514 152 537 quae
174 507 297 530 anisio.

42 755 140 779 Latine
162 755 299 786 loqu-*mli

130 798 211 816 usus.

131 1824 282 1849 Memoriae

118 1861 297 1885 exercitatio.

103 2466 284 2496 Svriptionns

112 2502 280 2525 afferendae.

82 2822 285 2853 C‹.rrig··wlae.

326 198 416 242 384

510 207 620 242 Ratio
648 208 849 243 studiorum
877 215 916 242 et
941 208 1194 244 institutiones
1221 207 1468 243 scholasticae
1495 208 1689 244 Societatis
1714 208 1803 246 Jesu
1827 210 1866 246 II

466 327 539 373 16.
604 328 653 369 Si
684 327 828 369 festus
861 327 954 370 dies
985 327 1197 370 inciderit
1227 327 1275 369 in
1309 327 1561 383 sabbatum,
1595 328 1688 383 ejus
1720 329 1808 370 diei
1842 329 2057 371 exercita-

323 398 470 441 tiones
501 398 550 440 in
581 398 920 441 antecedentem
955 399 1072 441 diem
1105 402 1372 440 revocentur
1403 399 1475 441 1791
1509 398 1793 442 omittantur.

472 469 538 515 17.
601 469 771 511 Eadem
803 469 968 511 divisio
1003 469 1073 511 die
1106 468 1357 510 vacationis
1390 469 1495 524 erit,
1527 469 1606 511 ubi
1645 484 1739 512 non
1771 471 2060 526 assignantur

323 540 531 597 propriae
565 540 927 593 exercitationes3
961 539 1166 594 singulae
1192 538 1325 593 enim,
1359 555 1472 595 quae
1494 540 1595 582 aliis
1618 540 1776 583 diebus
1797 541 1927 597 fiunt,
1959 557 2058 600 pro-

322 612 528 668 portione
559 611 905 665 contrahendae,
939 615 1016 652 aut
1048 624 1201 652 earum
1222 610 1375 666 aliqua
1402 610 1450 652 in
1467 611 1618 653 orbem
1639 613 2058 679 praetermittenda,

323 687 592 739 tempusque
625 682 808 738 aliquod
840 680 1165 723 concertationi
1197 681 1557 737 relinquendum.

462 753 536 799 18.
599 753 762 795 Latine
806 752 1019 808 loquendi
1064 759 1191 828 usus!

324 840 473 867 severe
504 825 552 866 in
583 824 741 881 primis
774 823 1075 878 custodiatur,
1116 837 1171 863 ns

324 896 488 937 scholis
520 895 733 952 exceptis,
766 894 815 936 in
848 894 1011 950 quibus
1043 894 1173 936 disci-

324 967 420 1023 puli
442 968 583 1008 latine
605 966 835 1019 nesciunt3
860 966 926 1007 ita
947 970 1000 1007 ut
1016 966 1064 1007 in
1082 980 1173 1006 om-

322 1039 471 1093 nibus,
493 1053 606 1093 quae
634 1037 690 1079 ad
711 1037 911 1078 scholam
930 1037 1171 1102 pertiment⁷

323 1124 557 1164 nunquam
604 1108 737 1149 liceat
782 1107 851 1149 uti
890 1107 1037 1164 patrio
1085 1122 1173 1149 ser-

324 1195 468 1234 mone⁷
499 1178 618 1221 notis
657 1179 794 1220 etiam
836 1178 1093 1235 adscriptis,
1134 1178 1173 1219 si

324 1252 401 1306 qui
433 1250 737 1306 neglexerint3
771 1265 957 1305 eamque
989 1249 1046 1290 ob
1078 1264 1172 1291 rem

324 1323 462 1364 latine
479 1326 694 1379 perpetuo
711 1321 930 1376 Magister
943 1321 1169 1376 loquatur.

1351 752 1424 798 18.
1469 753 1731 796 Curandum
1745 754 1967 811 imprimis
1979 760 2057 811 est,

1209 825 1261 862 ut
1295 821 1504 879 discipuli
1536 824 1677 866 latine
1708 825 1920 880 loquendi
1958 840 2060 867 con-

1211 893 1491 936 suetudinem
1514 895 1771 950 acquirant3
1805 911 1940 951 quare
1964 897 2058 938 Ma-

1210 964 1352 1018 gister
1384 980 1410 1007 a
1427 980 1635 1022 suprema
1656 967 1816 1008 saltem
1836 982 2059 1022 gramma-

1210 1034 1300 1076 tica
1332 1035 1472 1076 latine
1504 1036 1715 1091 loquatur
1747 1041 1804 1091 et,
1836 1041 1888 1078 ut
1916 1037 2057 1079 latine

1210 1105 1420 1162 discipuli
1442 1107 1699 1162 loquantur,
1733 1108 1898 1163 exigat,
1930 1123 2056 1165 prae-

1210 1177 1361 1218 sertim
1393 1177 1442 1219 in
1480 1182 1821 1235 praeceptorum
1863 1180 2057 1236 explica-

1210 1247 1346 1302 tione,
1372 1248 1421 1290 in
1441 1249 1721 1304 corrigendis
1738 1250 2056 1307 scriptionibus

1208 1318 1375 1374 latinis,
1408 1320 1455 1361 in
1488 1321 1899 1363 concertationibus
1922 1326 2056 1378 atque

1209 1390 1345 1431 etiam
1377 1390 1425 1431 in
1448 1391 1699 1446 colloquiis.
1754 1392 1808 1433 In
1829 1393 2056 1435 vertendis

1208 1475 1314 1503 17910
1362 1462 1620 1504 auctoribus
1657 1463 1795 1519 patrii
1840 1465 2056 1505 sermonis

1208 1534 1455 1589 puritatem
1496 1537 1541 1574 et
1580 1539 1749 1576 rectam
1786 1536 2055 1591 pronuncia-

1210 1604 1376 1645 tionem
1408 1618 1688 1661 summopere
1719 1604 1806 1647 sibi
1834 1620 2056 1647 commen-

1209 1675 1362 1717 datam
1403 1676 1631 1717 existimet
1675 1691 1862 1732 eamque
1905 1692 2055 1719 severe

800 1806 803 1809 A
1211 1762 1235 1788 a
1268 1747 1501 1804 discipulis
1532 1747 1699 1802 exigat.

461 1822 536 1869 19.
599 1821 842 1864 Memoriae
888 1819 1079 1862 traditas
1125 1819 1449 1876 praelectiones
1489 1818 1697 1876 discipuli
1739 1818 2055 1861 decurionibus

321 1895 529 1948 recitent,
563 1894 616 1935 de
649 1908 838 1949 quorum
871 1891 1017 1933 officio
1048 1891 1169 1933 infra
1200 1890 1357 1945 regula
1379 1890 1660 1944 36.‹]ioetu1·‚
1693 1890 1783 1932 nisi
1804 1890 1920 1932 forte
1941 1890 2054 1931 alius

322 1967 500 2022 placeat
529 1980 626 2007 mos
657 1965 706 2006 in
738 1963 999 2006 Rhetorica.
1053 1961 1146 2019 Ipsi
1179 1976 1285 2003 vero
1318 1961 1581 2003 decuriones
1601 1961 1832 2003 decurioni
1855 1961 2054 2003 maximo

322 2038 393 2079 vel
416 2037 636 2091 Magistro
656 2036 932 2093 persolvent3
951 2033 1029 2090 qui
1051 2033 1269 2088 Magister
1300 2032 1474 2088 aliquot
1497 2032 1711 2088 quotidie,
1746 2047 1800 2073 ex
1820 2031 2055 2074 desidiosis

321 2109 425 2163 fere,
459 2108 623 2164 quique
655 2107 794 2148 serius
827 2106 882 2148 ad
916 2105 1073 2146 ludum
1104 2104 1327 2158 venerint,
1360 2103 1548 2145 recitare
1565 2103 1723 2159 jubeat
1743 2103 1799 2145 ad
1822 2103 2055 2159 exploran-

321 2180 425 2221 dam
458 2180 750 2221 decurionum
782 2176 917 2219 fidem
947 2190 1188 2231 omnesque
1220 2175 1268 2217 in
1302 2175 1449 2216 officio
1483 2174 1790 2217 continendos.
1854 2174 2054 2216 Sabbato

323 2250 478 2291 audita
509 2265 587 2307 per
617 2264 753 2292 unam
785 2249 857 2291 vel
890 2249 1027 2290 etiam
1059 2247 1209 2304 plures
1241 2246 1549 2289 hebdomadas
1586 2245 1769 2303 publice
1799 2244 2055 2286 memoriter

321 2321 588 2375 reddantur3
620 2321 737 2362 libro
769 2324 919 2362 autem
951 2320 1158 2361 absoluto
1182 2318 1321 2374 deligi
1343 2322 1556 2374 poterunt
1586 2317 1813 2358 interdum
1831 2316 1906 2371 qui
1924 2316 2054 2358 illum

321 2408 344 2433 e
377 2397 595 2448 suggestu
626 2392 682 2434 ab
713 2391 847 2433 initio
878 2390 1190 2447 pronuncient,
1223 2404 1315 2431 non
1346 2389 1441 2430 sine
1472 2388 1683 2445 praemio.

461 2464 541 2510 21).
606 2463 881 2520 Scriptiones
913 2462 1165 2505 afferendae
1197 2462 1245 2503 in
1269 2460 1486 2503 classibus
1508 2459 1831 2514 grammaticae
1851 2456 2053 2513 quotidie

323 2540 498 2592 praeter
530 2535 647 2577 diem
680 2534 873 2588 sabbati,
906 2534 954 2576 in
987 2533 1171 2576 caeteris
1204 2533 1375 2574 solutae
1396 2531 1578 2587 quidem
1599 2530 1816 2572 orationis
1849 2528 2051 2584 quotidie

322 2609 498 2663 praeter
528 2606 645 2647 diem
678 2605 931 2648 vacationis
963 2610 1007 2647 et
1030 2604 1237 2659 Sabbati,
1269 2602 1480 2645 carminis
1499 2616 1606 2644 vero
1629 2601 1699 2642 bis
1722 2604 1916 2654 tantum,
1950 2614 2050 2656 pro-

323 2678 446 2718 ximo
478 2692 536 2718 sc.
569 2682 671 2733 post
703 2677 980 2719 dominicum
1013 2681 1057 2717 et
1088 2674 1339 2718 vacationis
1379 2673 1517 2719 diem,
1559 2672 1709 2728 graeci
1742 2671 1921 2713 demum
1955 2670 2052 2711 the-

322 2749 458 2789 matis
488 2747 647 2789 saltcm
679 2748 830 2802 semel,
862 2762 950 2803 quo
983 2747 1054 2789 die
1086 2745 1306 2801 Magistro
1339 2745 1538 2799 libuerit,
1572 2759 1597 2785 a
1629 2743 1834 2800 prandio.

465 2818 537 2865 21.
590 2819 867 2876 Scriptiones
879 2818 1168 2874 corrigendae
1348 2815 1420 2862 21.
1469 2815 1681 2864 Quotidie
1692 2813 1955 2872 scriptiones
1965 2812 2054 2854 sin-

324 2892 462 2932 191109
492 2890 707 2946 privatim
741 2894 785 2931 et
816 2890 1036 2931 submissa
1058 2903 1169 2931 voce
1206 2887 1414 2943 gulorum
1450 2902 1474 2928 a
1496 2886 1716 2942 Magistro
1737 2884 1902 2939 corrigi
1924 2898 2051 2940 opor-

323 2977 425 3004 cum
457 2975 728 3017 unoquoque
749 2961 1085 3017 discipulorum,
1118 2963 1169 3000 ut
1206 2962 1332 3012 teret,
1353 2973 1454 3000 cum
1475 2957 1740 3014 praecipuus
1761 2971 1811 2998 ac
1828 2955 2052 2997 maximus

324 3032 425 3074 aliis
472 3032 655 3074 interim
707 3032 879 3087 stylum
932 3029 1310 3099 exercendi1i11de
1355 3030 1528 3071 fructus
1577 3028 1760 3081 existat,
1812 3026 1849 3067 si
1901 3030 2051 3067 tamen

322 3108 496 3160 tempus
556 3103 700 3145 detur.
769 3102 967 3158 Expedit
1016 3100 1451 3158 tamenlmultitudo
1482 3113 1574 3140 non
1604 3098 1823 3155 patiatur,
1856 3096 2052 3151 corrigat
