2153 3467
39 917 260 943 conclusiones.

33 1551 292 1584 Disputationibus

30 1589 96 1620 quis
117 1587 292 1619 praesideat.

53 1980 277 2005 Praelectiones.

164 2836 265 2858 Actus.

280 212 368 254 470

285 337 539 381 Dominico.
588 336 657 378 Ac
683 334 755 376 die
775 333 956 390 quidem
978 331 1133 374 Domi-

284 409 386 452 nico
405 424 430 450 a
447 407 639 464 prandio
666 421 744 463 per
768 406 925 448 horam
942 417 1059 446 unus
1082 406 1134 444 ut

285 479 534 538 plurimum
573 492 627 519 ex
666 475 944 534 philosophis
984 472 1135 516 defen-

287 551 376 605 det,
400 550 575 592 duobus
597 546 1040 605 argumentantibus3
1065 543 1137 585 die

287 637 394 665 vero
405 620 658 663 vacationis
671 634 750 677 per
773 619 884 661 duas
897 617 1029 659 horas
1049 614 1137 656 duo

290 699 436 736 tresve
454 691 710 745 defendent,
732 704 849 733 unus
870 687 1136 742 Theologus,

291 764 369 807 alii
402 762 683 820 Philosophi,
715 760 906 803 totidem
932 757 1140 800 similiter

293 840 372 879 aut
402 835 609 894 pluribus
641 829 1078 889 argumentantibus.

434 907 478 955 5.
513 905 781 960 Theologus,
800 903 837 944 si
852 901 973 944 solus
988 898 1138 942 defen-

293 979 386 1034 dat,
419 977 728 1020 conclusiones
761 986 933 1029 semper
965 970 1141 1026 aliquas

293 1047 634 1106 Philosophicas
654 1048 887 1104 proponet,
904 1040 1142 1098 Metaphy-

294 1122 409 1164 sicus
426 1119 637 1177 physicas
655 1122 699 1160 et
715 1116 897 1172 logicaS,
920 1112 1143 1170 Physicus

296 1193 433 1235 etiam
451 1190 633 1246 logicas
689 1185 1146 1243 Argumentabuntur

297 1267 454 1306 contra
470 1261 724 1316 Theologos
734 1256 968 1313 Theologi,
991 1259 1147 1298 contra

296 1331 587 1391 philosophos
605 1330 751 1388 primo
769 1329 865 1371 loco
884 1341 1057 1385 semper
1066 1326 1146 1368 ali-

297 1404 397 1462 quis
420 1419 474 1446 ex
507 1403 646 1446 classe
675 1400 878 1458 proxime
910 1397 1148 1455 superiore,

299 1475 491 1520 5001111ᾶο
523 1488 640 1516 1111115
671 1487 725 1515 ex
759 1469 1088 1527 condiscipulis.

446 1547 492 1593 6.
524 1543 924 1601 Disputationibus
937 1546 1030 1584 tam
1047 1540 1152 1583 Phi-

303 1617 543 1676 losophicis
588 1631 725 1672 quam
764 1614 1068 1670 Theologicis,
1116 1612 1153 1654 si

304 1690 483 1733 intersit
511 1687 719 1745 proprius
749 1685 1029 1729 defendentis
1061 1684 1154 1726 Ma-

305 1762 456 1819 gister,
488 1760 630 1816 ipsius
662 1759 746 1801 erit
777 1757 1045 1815 praesiclere3
1085 1755 1154 1797 sin

306 1834 468 1887 minus,
484 1830 758 1889 praesidebit
774 1828 1034 1870 Praefectus
1043 1827 1156 1869 Aca-

306 1904 478 1947 demiae
512 1908 590 1945 aut
622 1902 717 1957 ejus
748 1900 905 1943 socius.

453 1975 490 2021 7.
525 1973 855 2016 Praelectiones
868 1971 1005 2013 etiam
1018 1971 1156 2012 inter-

310 2048 417 2091 dum
431 2046 587 2089 haberi
603 2048 829 2102 poterunt,
847 2043 1010 2099 quibus
1028 2057 1160 2098 quae-

310 2119 502 2161 stionem
534 2117 736 2173 aliquam
774 2129 853 2157 suo
885 2118 1028 2156 marte
1060 2127 1159 2170 per-

310 2191 475 2233 fectam
507 2189 580 2231 vel
602 2188 887 2243 ingeniosum
914 2185 1159 2242 problema,

313 2260 526 2318 expositis
542 2261 590 2301 in
610 2265 849 2313 utramque
868 2260 1042 2314 partem
1060 2269 1162 2297 con-

313 2332 590 2387 firmatisque
659 2329 930 2382 rationibus,
1002 2326 1163 2382 aliquis

315 2403 690 2446 Academicorum
733 2415 786 2442 ex
820 2399 1033 2441 cathedra
1065 2413 1163 2440 eru-

317 2475 407 2516 dite
454 2477 712 2531 pertractet,
759 2486 849 2513 uno
901 2475 980 2511 aut
1025 2469 1165 2511 altero

318 2549 677 2602 argumentante.
726 2541 999 2598 Huiusmodi
1018 2544 1167 2582 autem

316 2616 636 2674 praelectiones
680 2629 856 2656 necesse
902 2613 988 2654 erit
1034 2613 1166 2653 Prae-

318 2686 732 2739 fectvoademiae,
753 2686 1016 2742 priusquam
1034 2683 1091 2724 ha
1100 2684 1169 2723 be-

320 2765 466 2813 antur,
499 2757 676 2799 ostencli
709 2772 758 2798 ae
791 2755 982 2812 probari.

465 2830 508 2875 8.
544 2828 844 2871 Solemniores
897 2830 1023 2868 actus
1075 2826 1169 2881 ipse

322 2901 592 2945 Academiae
622 2904 781 2951 rector,
828 2898 915 2939 nisi
948 2897 1057 2952 quid
1094 2895 1169 2938 ob-

323 2978 433 3026 stet,
508 2976 586 3013 aut
655 2969 770 3011 alius
932 2967 1167 3010 Praefecto

324 3045 523 3086 delectus
580 3040 806 3083 interdum
867 3040 1029 3081 habere
1088 3053 1166 3094 po-

323 3117 451 3169 terit,
494 3113 671 3157 Natalis
703 3110 929 3164 Videlicet,
974 3109 1167 3152 Pascha-

837 2984 861 3010 a

458 219 573 254 Ratio
601 217 802 253 studiorum
829 218 866 251 et
891 212 1143 250 institutiones
1170 207 1410 247 scholasticae
1436 203 1633 240 Societatis
1658 203 1749 239 Jesu
1774 203 1824 238 II.

1352 2751 1401 2797 5.
1436 2748 1735 2792 Solemniores
1784 2748 1908 2788 actus
1959 2743 2053 2798 ipse

1208 2822 1462 2867 academiae
1480 2824 1637 2872 rector,
1659 2817 1748 2860 nisi
1766 2815 1875 2872 quid
1892 2813 2051 2865 obstet,

1208 2900 1287 2938 aut
1336 2893 1452 2935 alius
1501 2906 1527 2933 a
1577 2888 1810 2932 Praefecto
1856 2885 2053 2927 delectus

1208 2964 1437 3007 interdum
1481 2962 1645 3003 habere
1692 2957 1876 3016 poterit,
1927 2953 2054 2996 festis

1208 3035 1342 3079 videl.
1392 3032 1582 3085 Natalis,
1615 3027 1862 3081 PaschatiS,
1895 3027 2055 3068 Pente-

1208 3111 1349 3150 costes
1367 3109 1446 3148 aut
1462 3103 1551 3146 alio
1569 3105 1823 3160 opportuno
1839 3102 2054 3154 tempore.
