2143 3462
182 351 299 374 initium

163 386 284 410 docendi
307 393 321 408 a

146 429 200 452 «11111
220 421 328 445 schola.

148 586 305 610 Academia

119 622 154 646 nd
178 622 331 652 magistros

127 657 336 682 instituendos.

162 914 187 929 »u
211 907 318 930 desint.

184 1262 305 1292 jutores.

175 1462 292 1486 nuditus

138 1506 189 1529 pro
211 1498 343 1521 monath.

111 1890 325 1913 Almtinvndum

128 1934 142 1949 ιι
165 1925 250 1949 libris
273 1925 312 1949 in-

340 223 424 264 262
519 230 631 266 Ratio
659 230 865 265 studiorum
891 234 930 266 et
954 230 1212 266 institutiones
1241 234 1484 269 scholasticae
1509 233 1706 269 Sooietatis
1731 233 1823 269 Jesu
1847 233 1886 269 II

485 348 565 395 29.
599 349 860 392 Curandum
905 350 1064 404 etiam,
1111 354 1163 391 ut
1203 349 1345 392 nostri
1383 350 1566 392 initium
1598 350 1788 393 docendi
1819 351 1991 394 faciant
2022 353 2078 395 ab

342 435 392 461 ea
433 420 602 475 schola,
653 435 741 477 qua
774 420 1022 477 superiores
1055 421 1242 463 scientia
1275 421 1389 475 siut,
1437 425 1488 462 ut
1522 421 1584 463 sic
1616 422 1859 477 quotannis
1890 423 1948 464 ad
1981 424 2080 466 alti-

341 505 461 533 orem
493 491 684 547 gradum
718 507 818 534 cum
851 492 968 534 bona
999 496 1128 548 parte
1154 506 1336 534 suorum
1358 491 1616 534 auditorum
1635 493 1809 549 possint
1830 494 2078 538 ascendere.

487 586 569 632 30.
603 587 753 642 Atque
774 591 825 629 ut
843 586 1151 628 instructiores
1172 586 1274 640 sint,
1309 585 1489 641 quando
1523 585 1580 627 ad
1602 585 1853 629 docendum
1871 588 2079 644 veniunt,

350 657 727 713 pernecessarium
761 661 847 710 est,
879 661 930 698 ut
961 656 1141 713 privata
1173 656 1400 698 academia
1431 656 1488 697 ad
1519 656 1567 697 id
1598 661 1906 700 exerceantur:
1961 659 2082 715 quod

342 728 525 769 Rectori
556 727 689 769 valde
722 727 1072 782 commendetur,
1113 732 1180 782 ut,
1222 727 1342 783 quod
1375 731 1440 768 est
1472 726 1521 769 in
1553 726 1647 783 ejus
1677 728 1836 783 regula
1867 729 1949 784 9.st
1979 729 2080 772 dili-

342 803 502 854 genter
534 798 793 840 efficiatur.2
1994 844 1997 845 γ

487 868 562 914 31.
596 869 798 923 Efficiat,
831 874 883 911 ut
914 870 962 910 in
995 869 1228 924 Collegiis,
1261 869 1525 926 praesertim
1556 869 1800 925 primariis,
1838 871 1887 914 in
1919 872 2082 928 quibus

344 955 557 982 numerus
598 945 886 982 externorum
920 939 1245 996 discipulorum
1278 941 1498 997 eopiosior
1531 944 1617 994 est,
1657 941 1805 997 plures
1845 942 1937 984 sint
1976 957 2080 985 con-

344 1011 530 1064 fessarii,
563 1026 618 1052 ne
651 1011 707 1052 ad
739 1026 881 1052 unum
914 1026 1067 1052 01111105
1098 1011 1161 1053 ire
1189 1026 1369 1053 necesse
1390 1011 1470 1065 sit3
1505 1026 1639 1067 quam
1662 1011 1800 1053 etiam
1823 1013 1879 1055 ob
1902 1029 2081 1056 causam

344 1081 687 1123 extraordinarii
734 1081 960 1124 interdum
1006 1084 1330 1139 exponantur?
1375 1088 1427 1125 ut
1466 1083 1611 1139 magis
1644 1082 1985 1139 poenitentibus
2017 1099 2083 1126 sa-

346 1153 500 1194 tisfiat.

487 1222 566 1269 32.
599 1224 653 1265 In
688 1223 900 1279 Collegiis
921 1239 1040 1279 vero,
1074 1225 1334 1281 praesertim
1361 1225 1622 1280 minoribus,
1657 1239 1837 1282 operam
1861 1226 2000 1280 dabit,
2032 1230 2084 1269 ut

346 1294 657 1350 coadjutorum
690 1295 799 1336 satis
831 1295 902 1349 sit,
935 1311 991 1337 ne
1012 1296 1334 1352 Magistrorum
1356 1302 1399 1338 et
1420 1297 1741 1354 discipulorum
1761 1311 1897 1355 opera
1919 1298 2084 1340 Rector

348 1366 403 1409 ad
436 1380 623 1408 munera
656 1366 901 1408 domestica
933 1367 1001 1409 uti
1034 1371 1234 1423 cogatur.

490 1460 570 1507 313.
603 1460 671 1502 Ne
703 1461 867 1503 nostris
901 1467 1121 1517 quantum
1155 1463 1264 1504 satis
1295 1467 1362 1504 est
1393 1462 1612 1504 librorum
1641 1463 1768 1518 desit,
1803 1463 1999 1520 aliquem
2018 1478 2085 1505 re-

347 1531 518 1574 ditum4
550 1547 751 1574 annuum
790 1532 886 1574 sive
919 1547 972 1574 ex
1004 1534 1197 1589 Collegii
1235 1534 1376 1591 ipsius
1417 1534 1548 1575 bonis
1587 1534 1680 1577 sive
1714 1535 1894 1577 aliunde
1926 1535 2084 1592 ampli-

345 1603 549 1645 ficandae
584 1603 885 1645 bibliothecae
919 1605 1152 1660 nttribuat,
1188 1620 1319 1661 quem
1349 1605 1461 1646 alios
1481 1605 1529 1647 in
1550 1620 1656 1647 usus
1678 1610 1936 1648 convertere
1956 1606 2083 1647 nulla

345 1674 518 1717 ratione
550 1675 695 1717 liceat.
732 1676 873 1733 [1832
905 1676 1070 1733 addit]
1110 1677 1236 1719 Idem
1269 1677 1510 1718 dicendum
1544 1681 1609 1718 est
1642 1677 1696 1718 de
1728 1676 2084 1734 ephemeridibus

346 1746 558 1788 literariis
591 1747 648 1788 ad
681 1761 811 1789 usum
850 1747 1173 1804 professorum,
1221 1748 1434 1802 musaeis,
1483 1748 1704 1790 machinis
1751 1748 1807 1790 ad
1845 1748 2081 1805 physicam

347 1818 604 1873 ceterisque,
639 1833 752 1873 quae
783 1832 863 1874 pro
895 1819 1069 1861 ratione
1102 1820 1282 1876 collegii
1315 1819 1371 1861 ad
1403 1819 1575 1861 scholas
1607 1819 1909 1876 requiruntur.

490 1888 571 1935 34.
605 1889 741 1931 Omni
762 1889 1007 1945 vigilantia
1029 1894 1199 1944 caveat,
1232 1890 1422 1933 maximi
1444 1890 1663 1932 momenti
1684 1890 1731 1932 id
1753 1906 1845 1932 esse
1866 1890 2082 1945 ducendo,

162 1970 241 1985 Μ*
288 1979 293 1984 ·
348 1965 399 2001 ut
439 1960 621 2002 0111111110
660 1960 707 2002 111
748 1961 910 2003 50110115
950 1962 1113 2003 nostris
1154 1962 1434 2004 abstineatur
1479 1977 1504 2003 a
1550 1962 1678 2004 libris
1725 1967 1958 2018 poetarum
2006 1966 2084 2004 aut

349 2031 708 2087 quibuscunque,
769 2032 845 2088 qui
903 2033 1132 2074 honestati
1180 2033 1398 2089 bonisque
1452 2033 1652 2075 moribus
1696 2047 1855 2075 nocere
1902 2041 2082 2089 queant,

348 2103 435 2144 nisi
467 2103 590 2159 prius
624 2118 649 2145 a
679 2104 812 2145 rebus
845 2108 890 2146 et
912 2104 1066 2147 verbis
1095 2104 1344 2146 inhonestis
1371 2104 1554 2161 purgati
1588 2104 1697 2159 sint3
1731 2105 1803 2146 Vol
1833 2104 1870 2146 si
1900 2103 2083 2146 omnino

348 2174 533 2230 purgari
565 2188 657 2216 non
689 2180 929 2232 poterunt,
974 2175 1356 2231 quemadmodum
1389 2175 1661 2230 Terentius,5
1701 2175 1852 2232 potius
1896 2190 1989 2218 non
2025 2175 2084 2216 10-

349 2250 530 2300 gantur,
563 2260 618 2287 ne
649 2261 799 2288 rerum
831 2246 1027 2302 qualitas
1060 2248 1315 2289 animorum
1346 2247 1592 2304 puritatem
1625 2247 1838 2289 offendat.

491 2318 639 2372 [1832
672 2319 802 2360 addit
831 2320 908 2360 sul)
941 2334 985 2360 n.
1017 2321 1058 2360 2.
1076 2320 1114 2374 J
1166 2318 1309 2375 Major
1346 2318 1481 2360 etiam
1525 2317 1675 2360 cautio
1715 2317 1971 2360 adhibenda
2018 2321 2086 2359 est

351 2388 468 2429 circa
490 2393 696 2430 auctores
717 2390 996 2443 vernaculos,
1029 2390 1108 2432 ubi
1141 2395 1209 2432 est
1241 2404 1360 2444 usus,
1392 2394 1444 2431 ut
1474 2389 1523 2431 in
1555 2389 1716 2431 scholis
1748 2389 2081 2445 praelegantur.

353 2458 454 2500 Sint
493 2459 541 2501 hi
579 2460 832 2514 lectissimi,
882 2476 1025 2516 neque
1064 2462 1157 2503 ullo
1197 2461 1330 2503 modo
1370 2461 1606 2516 legantur,
1650 2475 1794 2516 neque
1840 2459 2084 2501 laudentur

352 2529 608 2586 scriptores,
658 2532 713 2573 ad
761 2546 872 2587 (11105
914 2533 1031 2574 affici
1069 2532 1370 2574 adolescentes
1411 2531 1579 2587 absque
1621 2531 1820 2588 periculo
1860 2530 1965 2572 fidei
2006 2534 2085 2572 aut

352 2614 526 2642 morum
558 2616 651 2642 non
688 2603 876 2659 possint.
941 2604 1107 2658 Quare,
1150 2602 1365 2645 adhibitis
1402 2602 1450 2643 in
1492 2602 1728 2644 consilium
1761 2602 1870 2645 viris
1908 2602 1957 2644 in
1987 2616 2084 2644 ver-

351 2671 512 2712 nacula
543 2673 778 2715 literatura
809 2674 922 2716 bene
953 2675 1165 2729 versatis,
1207 2677 1396 2728 statuat,
1440 2674 1550 2729 quid
1593 2674 1642 2715 in
1680 2674 1765 2716 hoc
1797 2689 1956 2730 genere
1988 2672 2085 2714 fieri

352 2742 446 2783 sine
478 2757 596 2784 noxa
628 2745 780 2800 possit,
821 2752 880 2799 et,
913 2746 1032 2802 quod
1065 2750 1290 2788 statutum
1322 2744 1458 2786 fuerit
1493 2749 1544 2787 ut
1577 2760 1602 2787 a
1633 2744 1880 2787 Praefectis
1912 2743 2084 2786 schola-

351 2827 451 2855 rum
484 2818 528 2855 et
559 2814 790 2870 Magistris
821 2823 974 2860 sancte
1004 2822 1220 2871 servetur,
1253 2816 1478 2872 invigilet.

500 2967 509 2986 ¹
537 2977 581 3001 m.
610 2977 684 3011 reg.
711 2967 771 3002 18.
814 2968 986 3004 Gemeiut
1011 2969 1060 3003 ist
1085 2968 1144 3004 die
1171 2969 1203 3004 9.
1219 2969 1310 3014 Reg.
1337 2970 1400 3005 (les
1427 2970 1583 3005 Rectors
1610 2969 1648 3005 in
1674 2970 1738 3005 der
1763 2969 1806 3004 R.
1822 2973 1880 3011 st„
1907 2979 1933 3004 s.
1953 2971 2081 3005 unten.

497 3026 509 3045 ²
535 3036 579 3060 m.
607 3025 762 3061 efficiat.

497 3085 510 3105 ³
535 3096 581 3120 m.
606 3089 843 3129 exponentur.

496 3145 510 3165 ⁴
535 3155 580 3179 m.
608 3143 843 3188 „redditum.“
