2148 3402
693 177 737 216 R.
765 183 811 215 st.
839 179 939 214 1586.
989 177 1176 215 Mathesis.
1697 168 1781 214 143

93 299 267 342 Pascha
293 304 560 356 peruentum
591 300 739 355 fuerit,
773 300 820 341 in
842 298 1038 355 gratiam
1060 312 1280 340 nouorum
1301 298 1574 353 Logicorum
1598 300 1782 342 accedat

93 370 234 412 altera
272 371 404 413 lectio
443 372 689 426 matutina,
736 386 826 427 qua
870 370 1017 412 denuo
1055 367 1427 411 Mathematicum
1468 371 1781 426 compendium

91 441 352 484 inchoetur:
407 443 485 498 qui
525 458 676 484 cursus
714 457 766 484 ac
803 455 1007 483 recursus
1047 440 1201 482 eodem
1235 439 1389 481 ordine
1421 441 1664 495 quotannis
1696 457 1781 483 ser-

89 511 269 554 uandus
301 517 380 555 est.

231 586 271 628 3.
304 584 535 626 Professor
568 585 690 639 alter,
725 584 802 640 qui
834 582 967 625 modo
1000 584 1050 624 P.
1086 582 1270 624 Olauius
1302 598 1394 624 esse
1424 586 1585 639 posset,
1618 584 1782 624 consti-

89 657 258 709 tuatur,
291 669 439 696 rerum
469 654 895 697 Mathematicarum
925 653 1170 710 pleniorem
1202 652 1454 694 doctrinam
1495 653 1696 695 conferat
1734 654 1779 694 in

88 724 348 780 triennium,
388 726 668 782 explicetque
706 724 921 782 priuatim
953 724 1130 766 Nostris
1162 728 1263 765 octo
1296 724 1473 765 circiter
1505 728 1585 765 aut
1615 724 1780 778 decem,

90 795 169 851 qui
200 796 412 838 mediocri
443 797 602 839 saltem
636 797 728 838 sint
758 795 956 851 ingenio,
994 810 1077 836 nec
1110 811 1136 837 a
1166 795 1505 837 Mathematicis
1538 795 1698 849 alieno,
1738 800 1782 836 et

87 866 427 924 Philosophiam
461 867 698 921 audierint,
735 866 813 922 qui
845 881 897 907 ex
929 865 1070 922 varijs
1102 870 1249 908 essent
1279 866 1560 909 conuocandi
1591 866 1781 908 Prouin-

87 937 179 994 cijS‚
218 953 335 981 Vnus
374 954 428 980 ex
470 939 685 995 qualibet,
727 937 764 979 si
803 937 902 978 fieri
938 941 1100 993 posset.
1171 938 1264 979 Nec
1306 937 1439 994 pauci
1478 936 1623 979 futuri
1660 941 1779 990 sunt,

87 1008 165 1064 qui
207 1024 261 1051 ex
299 1009 460 1052 horum
499 1024 684 1052 numero
717 1008 905 1065 cupiant
938 1022 1044 1060 esse,
1089 1008 1127 1050 si
1157 1013 1259 1065 post
1291 1008 1646 1065 Philosophiam,
1692 1023 1779 1064 quo

88 1082 289 1136 tempore
331 1079 494 1122 docent
535 1079 611 1136 alij
651 1080 824 1122 litteras
868 1078 1177 1134 humaniores,
1224 1080 1434 1122 studeant
1479 1079 1567 1136 ipsi
1604 1080 1779 1122 Mathe-

86 1150 281 1196 maticis:
316 1150 477 1193 deinde
500 1151 635 1194 etiam
656 1150 950 1207 Theologiae:
983 1150 1048 1192 ita
1066 1165 1183 1205 sane,
1216 1155 1268 1194 vt
1288 1150 1434 1208 primo
1462 1150 1641 1192 biennio
1664 1150 1780 1192 nihil

85 1226 261 1278 praeter
279 1222 649 1264 Mathematicam
671 1222 873 1265 audiant.
924 1221 1076 1263 Tertio
1108 1236 1214 1264 vero
1246 1236 1364 1264 anno
1397 1221 1532 1263 etiam
1564 1221 1779 1263 lectiones

86 1291 389 1335 Scholasticae
408 1293 680 1349 Theologiae
701 1307 802 1335 cum
824 1306 978 1334 earum
1005 1292 1133 1334 breui
1163 1292 1444 1350 repetitione,
1477 1308 1590 1349 quae
1622 1292 1700 1335 fiet
1730 1292 1778 1334 in

86 1362 261 1405 Scholis
282 1368 475 1419 tantum,
507 1364 731 1421 reliquum
761 1368 911 1407 autem
934 1366 1053 1408 diem
1072 1370 1219 1408 totum
1240 1364 1575 1407 Mathematicis
1605 1363 1776 1421 impen-

84 1433 207 1476 dant.
248 1434 389 1477 Porro
421 1450 475 1478 ex
505 1434 592 1478 hac
621 1435 866 1478 Academia
897 1437 1048 1493 eximij
1081 1436 1311 1494 prodirent
1341 1434 1666 1490 Mathematici,
1700 1435 1778 1491 qui

82 1518 181 1546 eam
218 1504 486 1548 facultatem
517 1506 566 1548 in
594 1509 599 1560 Ι
627 1520 781 1549 omnes
813 1507 1092 1563 Prouincias,
1130 1507 1187 1550 ad
1219 1522 1329 1564 quas
1361 1511 1507 1549 essent
1543 1505 1775 1560 reuersuri,

80 1574 436 1632 disseminarent,
469 1580 515 1619 et
534 1577 801 1620 Nostrorum
833 1582 1068 1621 tuerentur
1100 1579 1494 1633 existimationem,
1527 1579 1565 1620 si
1597 1578 1776 1635 quando

81 1650 310 1703 oporteret
342 1662 417 1689 eos
448 1647 502 1690 de
529 1648 862 1691 Mathematicis
892 1650 1172 1707 respondere.
1222 1651 1380 1706 Neque
1410 1664 1550 1706 graue
1571 1649 1775 1693 futurum

80 1721 146 1758 est
176 1717 362 1760 cuilibet
392 1718 662 1762 Prouinciae
692 1734 835 1762 vnum
873 1720 1071 1777 aliquem
1109 1737 1162 1764 ex
1201 1721 1292 1764 suis
1323 1721 1609 1778 Philosophis
1640 1720 1774 1763 tertio

81 1802 257 1845 quoque
289 1804 407 1832 anno
441 1789 589 1833 dicare
621 1791 956 1834 Mathematicis
988 1806 1090 1834 cum
1122 1792 1325 1850 spegtam
1356 1791 1508 1848 eximij
1542 1791 1730 1835 fructus.

80 1988 287 2025 Mitbruder
323 1991 363 2026 P.
398 1990 480 2027 Joh.
516 1991 702 2028 Reinhard
727 1993 877 2038 Ziegler
915 1995 975 2030 die
1014 1995 1250 2040 Vollendung
1288 1995 1352 2031 der
1388 1994 1564 2040 Ausgabe
1599 1993 1775 2040 besorgte

81 2048 150 2084 Die
175 2049 445 2086 interessanten
468 2050 688 2088 Einzeltitel
723 2063 751 2087 S.
784 2053 844 2088 bei
873 2054 918 2089 de
943 2053 1085 2089 Backer
1110 2065 1144 2090 u.
1171 2055 1205 2089 d.
1230 2055 1289 2090 W.
1323 2074 1367 2080 —-
1394 2055 1469 2090 Das
1496 2055 1587 2090 oben
1612 2053 1774 2090 bezeich-

80 2112 166 2143 nete
184 2108 388 2144 Handbuch
414 2110 477 2145 des
498 2109 538 2145 P.
554 2110 703 2147 Clavius
729 2115 833 2157 tragt
858 2112 928 2149 den
950 2113 1070 2151 Titel:
1097 2114 1265 2158 Epitome
1285 2113 1551 2150 Arithmeticae
1578 2113 1773 2158 practicae,

79 2166 228 2211 Romae,
255 2179 299 2204 ex
322 2173 467 2215 typogr.
493 2170 675 2206 Dominici
700 2171 830 2214 Basae,
870 2173 972 2215 1583,
1010 2174 1061 2216 8⁰,
1098 2184 1155 2218 pp.
1182 2174 1261 2209 219.
1303 2194 1347 2198 -
1388 2173 1561 2208 Coloniae
1590 2174 1691 2208 1584.
1730 2194 1773 2199 -

80 2226 248 2263 Christ.
291 2228 444 2264 Clavii
477 2229 577 2274 Epit.
603 2231 759 2266 Arithm.
786 2231 978 2267 Praeticae
1012 2242 1132 2267 1111110
1165 2232 1315 2267 denuo
1353 2232 1405 2267 ab
1439 2232 1540 2276 ipso
1575 2237 1772 2268 auctore

79 2287 338 2331 recognita.
387 2288 538 2332 Romae,
567 2291 667 2333 1585,
692 2290 743 2332 8⁰,
769 2292 894 2334 p.323.
945 2291 1033 2326 Sehr
1059 2291 1115 2326 oft
1139 2291 1400 2336 aufgelegt.-
1433 2291 1570 2327 Ferner
1595 2296 1684 2337 trug
1709 2293 1773 2328 der

80 2344 120 2380 P.
146 2345 290 2381 Franz
315 2347 483 2383 Coster
507 2359 554 2384 zu
578 2349 675 2384 Κὸ111
702 2350 791 2385 1556
826 2350 952 2385 ausser
985 2351 1049 2386 der
1073 2351 1276 2396 Theologie
1310 2352 1402 2387 auch
1427 2352 1671 2387 Mathematik
1695 2362 1771 2394 vor,

81 2404 217 2440 welche
242 2405 406 2442 daselbst
431 2407 538 2452 lange
563 2409 664 2444 nicht
688 2409 788 2444 mehr
814 2420 889 2444 war
915 2410 1059 2454 gelehrt
1084 2410 1253 2456 worden3
1291 2410 1486 2446 besonders
1526 2411 1612 2446 aber
1651 2415 1772 2446 setzte

80 2473 119 2499 er
152 2464 263 2499 durch
298 2465 396 2500 scine
423 2467 738 2503 astronomischen
765 2468 1020 2514 Vorlesungen
1046 2469 1105 2505 die
1130 2469 1292 2505 Zuhorer
1317 2469 1354 2505 in
1380 2470 1555 2505 Stannen.
1606 2470 1768 2515 (Bianoo,

80 2523 109 2565 Ι,
136 2523 171 2558 S.
199 2524 294 2569 299.)
332 2545 373 2549 -
409 2525 483 2561 Der
508 2526 696 2571 spanische
723 2527 844 2563 Jesuit
869 2528 1081 2564 Hurtado
1108 2529 1268 2571 Perez,
1308 2529 1370 2565 der
1397 2530 1486 2565 1556
1518 2530 1586 2564 mit
1612 2530 1771 2565 anderen

81 2581 461 2629 Ordensmitgliedern
494 2586 588 2621 nach
613 2586 823 2632 Ingolstadt
852 2587 1045 2632 geschickt
1079 2588 1215 2630 wurde,
1252 2588 1356 2624 hatte
1383 2600 1416 2624 u.
1443 2600 1475 2624 a.
1501 2599 1547 2624 zu
1578 2589 1671 2624 Rom
1705 2589 1769 2624 das

79 2641 257 2676 Predikat
295 2642 528 2678 bekommen:
581 2644 719 2686 „Valde
756 2646 884 2682 doetus
923 2647 1035 2682 etiam
1074 2647 1111 2682 in
1148 2648 1450 2684 Mathematicis.“
1502 2649 1621 2692 (Arch.
1649 2648 1769 2683 Germ.

79 2700 181 2743 XIII,
207 2701 255 2736 M.
275 2712 308 2738 a.
324 2701 385 2736 fol.
405 2704 453 2747 4.)
468 2722 512 2728 —-
526 2702 566 2738 P.
586 2703 744 2739 Heinr.
758 2705 945 2747 Garnet,
973 2707 1213 2751 Zeitgenosse
1237 2707 1300 2742 des
1320 2708 1358 2742 P.
1374 2707 1524 2744 Clavius
1551 2707 1647 2753 (geb.
1663 2708 1767 2748 1555,

79 2759 116 2794 in
140 2759 293 2795 London
318 2760 568 2805 hingerichtet
593 2762 711 2808 1606),
739 2775 816 2800 war
842 2765 899 2800 ein
924 2765 1134 2801 beriihmter
1158 2767 1297 2802 Lehrer
1325 2767 1387 2802 der
1402 2767 1577 2802 Mathem.
1604 2777 1650 2802 zu
1663 2767 1768 2801 Rom.

78 2817 117 2852 P.
144 2818 397 2864 Christoph
423 2820 739 2867 Grienberger
771 2823 1045 2869 (1561-1636),
1080 2824 1304 2870 Nachfolger
1336 2826 1398 2861 des
1425 2826 1572 2861 Clavius
1603 2826 1641 2861 in
1665 2825 1766 2867 Rom,

81 2881 158 2914 trat
185 2879 275 2914 1612
301 2880 355 2914 als
382 2880 551 2915 mathem.
577 2881 836 2917 Schriftsteller
861 2883 936 2918 auf.
981 2883 1021 2917 P.
1035 2884 1446 2928 Joh.Appenze11er
1471 2886 1627 2930 (†1603)
1648 2886 1766 2919 lehrte

84 2936 153 2971 mit
177 2937 329 2982 Vorzug'
354 2937 412 2973 die
438 2939 617 2974 Mathesis
645 2940 683 2975 in
709 2941 927 2985 Ingolstadt.
979 2941 1121 2987 Genug.
1172 2943 1292 2978 Wenn
1326 2955 1408 2978 man
1444 2955 1489 2978 zu
1523 2944 1630 2978 Rom
1665 2943 1766 2977 nicht

86 2995 181 3032 viele
207 2998 491 3034 Mathematiker
516 2998 632 3042 hatte,
659 3010 697 3034 so
724 2999 815 3045 geht
838 3000 904 3035 das
931 3000 988 3036 die
1015 3001 1057 3036 G.
1072 3001 1106 3037 J.
1132 3002 1234 3037 nicht
1260 3013 1315 3038 an.

1806 1532 1834 1555 p.
1856 1524 1918 1549 201.
