<?xml version="1.0" encoding="UTF-8"?>
<!DOCTYPE html PUBLIC "-//W3C//DTD XHTML 1.0 Transitional//EN"
    "http://www.w3.org/TR/xhtml1/DTD/xhtml1-transitional.dtd">
<html xmlns="http://www.w3.org/1999/xhtml" xml:lang="en" lang="en">
 <head>
  <title>
</title>
<meta http-equiv="Content-Type" content="text/html;charset=utf-8" />
  <meta name='ocr-system' content='tesseract 3.04.00' />
  <meta name='ocr-capabilities' content='ocr_page ocr_carea ocr_par ocr_line ocrx_word'/>
</head>
<body>
  <div class='ocr_page' id='page_1' title='image "./ratiostudiorumet05jesu_0180.png"; bbox 0 0 2143 3462; ppageno 0'>
   <div class='ocr_carea' id='block_1_1' title="bbox 219 1350 339 1380">
    <p class='ocr_par' dir='ltr' id='par_1_1' title="bbox 219 1350 339 1380">
     <span class='ocr_line' id='line_1_1' title="bbox 219 1350 339 1380; baseline -0.017 -7"><span class='ocrx_word' id='word_1_1' title='bbox 219 1358 244 1380; x_wconf 72' lang='grc' dir='ltr'>ρ.</span> <span class='ocrx_word' id='word_1_2' title='bbox 269 1350 320 1373; x_wconf 65' lang='lat'>232⁸</span> <span class='ocrx_word' id='word_1_3' title='bbox 335 1369 339 1375; x_wconf 81' lang='grc'>,</span> 
     </span>
    </p>
   </div>
   <div class='ocr_carea' id='block_1_2' title="bbox 364 206 1896 252">
    <p class='ocr_par' dir='ltr' id='par_1_2' title="bbox 364 206 1896 252">
     <span class='ocr_line' id='line_1_2' title="bbox 364 206 1896 252; baseline -0.001 -2"><span class='ocrx_word' id='word_1_4' title='bbox 364 206 450 251; x_wconf 85' lang='grc'>164</span> <span class='ocrx_word' id='word_1_5' title='bbox 534 212 648 252; x_wconf 85' lang='lat' dir='ltr'>Ratio</span> <span class='ocrx_word' id='word_1_6' title='bbox 677 213 879 251; x_wconf 86' lang='lat' dir='ltr'>studiorum</span> <span class='ocrx_word' id='word_1_7' title='bbox 904 218 942 251; x_wconf 91' lang='lat' dir='ltr'>et</span> <span class='ocrx_word' id='word_1_8' title='bbox 966 210 1224 251; x_wconf 73' lang='lat' dir='ltr'><strong>institutiones</strong></span> <span class='ocrx_word' id='word_1_9' title='bbox 1250 208 1493 250; x_wconf 80' lang='lat' dir='ltr'><strong>scholasticae</strong></span> <span class='ocrx_word' id='word_1_10' title='bbox 1519 209 1717 250; x_wconf 84' lang='lat' dir='ltr'>Societatis</span> <span class='ocrx_word' id='word_1_11' title='bbox 1743 210 1833 250; x_wconf 87' lang='lat' dir='ltr'>Jesu</span> <span class='ocrx_word' id='word_1_12' title='bbox 1857 209 1896 249; x_wconf 81' lang='lat'>11</span> 
     </span>
    </p>
   </div>
   <div class='ocr_carea' id='block_1_3' title="bbox 356 333 2062 3024">
    <p class='ocr_par' dir='ltr' id='par_1_3' title="bbox 356 333 2058 1159">
     <span class='ocr_line' id='line_1_3' title="bbox 359 333 2055 392; baseline -0.001 -15"><span class='ocrx_word' id='word_1_13' title='bbox 359 335 565 377; x_wconf 78' lang='lat' dir='ltr'>adhiberi</span> <span class='ocrx_word' id='word_1_14' title='bbox 601 349 729 392; x_wconf 91' lang='lat' dir='ltr'>posse</span> <span class='ocrx_word' id='word_1_15' title='bbox 768 334 1035 390; x_wconf 89' lang='lat' dir='ltr'>remedium,</span> <span class='ocrx_word' id='word_1_16' title='bbox 1081 334 1119 376; x_wconf 93' lang='lat' dir='ltr'>si</span> <span class='ocrx_word' id='word_1_17' title='bbox 1156 335 1310 377; x_wconf 89' lang='lat' dir='ltr'>eadem</span> <span class='ocrx_word' id='word_1_18' title='bbox 1348 333 1397 376; x_wconf 86' lang='lat' dir='ltr'>in</span> <span class='ocrx_word' id='word_1_19' title='bbox 1437 333 1647 375; x_wconf 90' lang='lat' dir='ltr'>omnibus</span> <span class='ocrx_word' id='word_1_20' title='bbox 1687 333 1905 376; x_wconf 90' lang='lat' dir='ltr'>classibus</span> <span class='ocrx_word' id='word_1_21' title='bbox 1943 333 2055 376; x_wconf 87' lang='lat' dir='ltr'>hora</span> 
     </span>
     <span class='ocr_line' id='line_1_4' title="bbox 357 404 2054 461; baseline -0.001 -13"><span class='ocrx_word' id='word_1_22' title='bbox 357 406 516 448; x_wconf 90' lang='lat' dir='ltr'>literae</span> <span class='ocrx_word' id='word_1_23' title='bbox 555 407 751 449; x_wconf 78' lang='lat' dir='ltr'>Graecae</span> <span class='ocrx_word' id='word_1_24' title='bbox 791 406 1037 449; x_wconf 70' lang='lat' dir='ltr'>discantur.</span> <span class='ocrx_word' id='word_1_25' title='bbox 1100 406 1172 447; x_wconf 88' lang='lat' dir='ltr'>Ita</span> <span class='ocrx_word' id='word_1_26' title='bbox 1212 405 1332 447; x_wconf 91' lang='lat' dir='ltr'>enim</span> <span class='ocrx_word' id='word_1_27' title='bbox 1369 405 1490 447; x_wconf 88' lang='lat' dir='ltr'>ultro</span> <span class='ocrx_word' id='word_1_28' title='bbox 1532 404 1734 460; x_wconf 89' lang='lat' dir='ltr'>citroque</span> <span class='ocrx_word' id='word_1_29' title='bbox 1770 405 1899 461; x_wconf 87' lang='lat' dir='ltr'>pueri</span> <span class='ocrx_word' id='word_1_30' title='bbox 1937 419 2054 446; x_wconf 90' lang='lat' dir='ltr'>com-</span> 
     </span>
     <span class='ocr_line' id='line_1_5' title="bbox 356 475 2055 532; baseline -0.002 -13"><span class='ocrx_word' id='word_1_31' title='bbox 356 477 593 532; x_wconf 87' lang='lat' dir='ltr'>meabunt,</span> <span class='ocrx_word' id='word_1_32' title='bbox 625 482 677 521; x_wconf 85' lang='lat' dir='ltr'>vt</span> <span class='ocrx_word' id='word_1_33' title='bbox 709 481 776 519; x_wconf 90' lang='lat' dir='ltr'>est</span> <span class='ocrx_word' id='word_1_34' title='bbox 808 477 1039 532; x_wconf 89' lang='lat' dir='ltr'>hucusque</span> <span class='ocrx_word' id='word_1_35' title='bbox 1070 477 1127 518; x_wconf 93' lang='lat' dir='ltr'>ob</span> <span class='ocrx_word' id='word_1_36' title='bbox 1160 476 1350 518; x_wconf 89' lang='lat' dir='ltr'>eandem</span> <span class='ocrx_word' id='word_1_37' title='bbox 1383 490 1565 517; x_wconf 89' lang='lat' dir='ltr'>causam</span> <span class='ocrx_word' id='word_1_38' title='bbox 1595 475 1644 516; x_wconf 90' lang='lat' dir='ltr'>in</span> <span class='ocrx_word' id='word_1_39' title='bbox 1677 475 1852 517; x_wconf 91' lang='lat' dir='ltr'>duabus</span> <span class='ocrx_word' id='word_1_40' title='bbox 1882 476 2055 517; x_wconf 90' lang='lat' dir='ltr'>Huma—</span> 
     </span>
     <span class='ocr_line' id='line_1_6' title="bbox 356 545 2055 602; baseline -0.002 -12"><span class='ocrx_word' id='word_1_41' title='bbox 356 549 517 591; x_wconf 87' lang='lat' dir='ltr'>nitatis</span> <span class='ocrx_word' id='word_1_42' title='bbox 549 549 768 591; x_wconf 86' lang='lat' dir='ltr'>classibus</span> <span class='ocrx_word' id='word_1_43' title='bbox 799 547 1074 590; x_wconf 85' lang='lat' dir='ltr'>factitatum.</span> <span class='ocrx_word' id='word_1_44' title='bbox 1136 547 1211 589; x_wconf 89' lang='lat' dir='ltr'>Ad</span> <span class='ocrx_word' id='word_1_45' title='bbox 1241 547 1351 589; x_wconf 88' lang='lat' dir='ltr'>haec</span> <span class='ocrx_word' id='word_1_46' title='bbox 1384 546 1463 602; x_wconf 91' lang='lat' dir='ltr'>qui</span> <span class='ocrx_word' id='word_1_47' title='bbox 1494 561 1548 587; x_wconf 86' lang='lat' dir='ltr'>ex</span> <span class='ocrx_word' id='word_1_48' title='bbox 1580 545 1681 601; x_wconf 83' lang='lat' dir='ltr'>alijs</span> <span class='ocrx_word' id='word_1_49' title='bbox 1712 545 1844 601; x_wconf 91' lang='lat' dir='ltr'>locis,</span> <span class='ocrx_word' id='word_1_50' title='bbox 1877 546 2055 588; x_wconf 88' lang='lat' dir='ltr'>Latinis</span> 
     </span>
     <span class='ocr_line' id='line_1_7' title="bbox 356 616 2056 674; baseline -0.001 -13"><span class='ocrx_word' id='word_1_51' title='bbox 356 620 521 662; x_wconf 88' lang='lat' dir='ltr'>imbuti</span> <span class='ocrx_word' id='word_1_52' title='bbox 552 619 717 673; x_wconf 89' lang='lat' dir='ltr'>literis,</span> <span class='ocrx_word' id='word_1_53' title='bbox 758 619 1033 661; x_wconf 76' lang='lat' dir='ltr'>Graecarum</span> <span class='ocrx_word' id='word_1_54' title='bbox 1064 633 1246 674; x_wconf 90' lang='lat' dir='ltr'>prorsus</span> <span class='ocrx_word' id='word_1_55' title='bbox 1277 617 1427 674; x_wconf 86' lang='lat' dir='ltr'>ignari</span> <span class='ocrx_word' id='word_1_56' title='bbox 1467 616 1525 658; x_wconf 89' lang='lat' dir='ltr'>ad</span> <span class='ocrx_word' id='word_1_57' title='bbox 1555 632 1637 658; x_wconf 90' lang='lat' dir='ltr'>nos</span> <span class='ocrx_word' id='word_1_58' title='bbox 1669 617 1881 672; x_wconf 88' lang='lat' dir='ltr'>veniunt,</span> <span class='ocrx_word' id='word_1_59' title='bbox 1921 617 2056 674; x_wconf 88' lang='lat' dir='ltr'>pauci</span> 
     </span>
     <span class='ocr_line' id='line_1_8' title="bbox 358 689 2056 746; baseline -0.001 -13"><span class='ocrx_word' id='word_1_60' title='bbox 358 696 483 745; x_wconf 87' lang='lat' dir='ltr'>sunt,</span> <span class='ocrx_word' id='word_1_61' title='bbox 526 691 563 733; x_wconf 90' lang='lat' dir='ltr'>si</span> <span class='ocrx_word' id='word_1_62' title='bbox 603 705 705 732; x_wconf 91' lang='lat' dir='ltr'>cum</span> <span class='ocrx_word' id='word_1_63' title='bbox 744 689 798 746; x_wconf 81' lang='lat' dir='ltr'>ijs</span> <span class='ocrx_word' id='word_1_64' title='bbox 837 690 1142 743; x_wconf 82' lang='lat' dir='ltr'>conferantur,</span> <span class='ocrx_word' id='word_1_65' title='bbox 1189 689 1268 744; x_wconf 90' lang='lat' dir='ltr'>qui</span> <span class='ocrx_word' id='word_1_66' title='bbox 1307 689 1429 745; x_wconf 91' lang='lat' dir='ltr'>apud</span> <span class='ocrx_word' id='word_1_67' title='bbox 1467 703 1548 730; x_wconf 90' lang='lat' dir='ltr'>nos</span> <span class='ocrx_word' id='word_1_68' title='bbox 1579 689 1726 745; x_wconf 90' lang='lat' dir='ltr'>prima</span> <span class='ocrx_word' id='word_1_69' title='bbox 1758 689 2056 731; x_wconf 85' lang='lat' dir='ltr'>fundamenta</span> 
     </span>
     <span class='ocr_line' id='line_1_9' title="bbox 357 759 2053 817; baseline -0.002 -13"><span class='ocrx_word' id='word_1_70' title='bbox 357 762 531 804; x_wconf 89' lang='lat' dir='ltr'>iaciunt</span> <span class='ocrx_word' id='word_1_71' title='bbox 562 761 610 803; x_wconf 90' lang='lat' dir='ltr'>in</span> <span class='ocrx_word' id='word_1_72' title='bbox 640 760 858 816; x_wconf 89' lang='lat' dir='ltr'>vtrisque.</span> <span class='ocrx_word' id='word_1_73' title='bbox 921 760 1053 809; x_wconf 74' lang='lat' dir='ltr'>Quod</span> <span class='ocrx_word' id='word_1_74' title='bbox 1085 760 1123 801; x_wconf 89' lang='lat' dir='ltr'>si</span> <span class='ocrx_word' id='word_1_75' title='bbox 1155 759 1428 815; x_wconf 88' lang='lat' dir='ltr'>quibusdam</span> <span class='ocrx_word' id='word_1_76' title='bbox 1460 759 1545 801; x_wconf 90' lang='lat' dir='ltr'>erit</span> <span class='ocrx_word' id='word_1_77' title='bbox 1576 760 1649 802; x_wconf 88' lang='lat' dir='ltr'>vel</span> <span class='ocrx_word' id='word_1_78' title='bbox 1678 764 1862 817; x_wconf 88' lang='lat' dir='ltr'>propter</span> <span class='ocrx_word' id='word_1_79' title='bbox 1880 759 2053 816; x_wconf 85' lang='lat' dir='ltr'>ingenij</span> 
     </span>
     <span class='ocr_line' id='line_1_10' title="bbox 358 830 2058 887; baseline -0.001 -13"><span class='ocrx_word' id='word_1_80' title='bbox 358 832 623 874; x_wconf 88' lang='lat' dir='ltr'>tarditatem</span> <span class='ocrx_word' id='word_1_81' title='bbox 655 831 731 873; x_wconf 84' lang='lat' dir='ltr'>vel</span> <span class='ocrx_word' id='word_1_82' title='bbox 761 834 945 887; x_wconf 85' lang='lat' dir='ltr'>propter</span> <span class='ocrx_word' id='word_1_83' title='bbox 976 834 1171 872; x_wconf 86' lang='lat' dir='ltr'>aetatem</span> <span class='ocrx_word' id='word_1_84' title='bbox 1203 830 1469 872; x_wconf 89' lang='lat' dir='ltr'>immunitas</span> <span class='ocrx_word' id='word_1_85' title='bbox 1493 830 1789 886; x_wconf 88' lang='lat' dir='ltr'>concedenda,</span> <span class='ocrx_word' id='word_1_86' title='bbox 1822 831 1902 886; x_wconf 90' lang='lat' dir='ltr'>qui</span> <span class='ocrx_word' id='word_1_87' title='bbox 1925 836 2058 873; x_wconf 87' lang='lat' dir='ltr'>erunt</span> 
     </span>
     <span class='ocr_line' id='line_1_11' title="bbox 359 901 2057 960; baseline -0.001 -15"><span class='ocrx_word' id='word_1_88' title='bbox 359 908 478 945; x_wconf 83' lang='lat' dir='ltr'>certe</span> <span class='ocrx_word' id='word_1_89' title='bbox 510 902 790 960; x_wconf 79' lang='lat' dir='ltr'>paucissimi,</span> <span class='ocrx_word' id='word_1_90' title='bbox 832 916 911 943; x_wconf 90' lang='lat' dir='ltr'>cur</span> <span class='ocrx_word' id='word_1_91' title='bbox 951 901 1000 944; x_wconf 89' lang='lat' dir='ltr'>id</span> <span class='ocrx_word' id='word_1_92' title='bbox 1030 901 1078 942; x_wconf 91' lang='lat' dir='ltr'>in</span> <span class='ocrx_word' id='word_1_93' title='bbox 1111 902 1293 943; x_wconf 77' lang='lat' dir='ltr'>Graecis</span> <span class='ocrx_word' id='word_1_94' title='bbox 1324 901 1507 944; x_wconf 83' lang='lat' dir='ltr'>videtur</span> <span class='ocrx_word' id='word_1_95' title='bbox 1546 902 1813 957; x_wconf 89' lang='lat' dir='ltr'>absurdum,</span> <span class='ocrx_word' id='word_1_96' title='bbox 1861 917 1965 944; x_wconf 87' lang='lat' dir='ltr'>cum</span> <span class='ocrx_word' id='word_1_97' title='bbox 2008 902 2057 944; x_wconf 90' lang='lat' dir='ltr'>in</span> 
     </span>
     <span class='ocr_line' id='line_1_12' title="bbox 358 972 2055 1027; baseline -0.001 -11"><span class='ocrx_word' id='word_1_98' title='bbox 358 974 563 1017; x_wconf 88' lang='lat' dir='ltr'>versibus</span> <span class='ocrx_word' id='word_1_99' title='bbox 605 973 744 1015; x_wconf 88' lang='lat' dir='ltr'>etiam</span> <span class='ocrx_word' id='word_1_100' title='bbox 781 972 1020 1026; x_wconf 76' lang='lat' dir='ltr'>faciendis,</span> <span class='ocrx_word' id='word_1_101' title='bbox 1066 973 1115 1013; x_wconf 87' lang='lat' dir='ltr'>in</span> <span class='ocrx_word' id='word_1_102' title='bbox 1153 972 1391 1014; x_wconf 81' lang='lat' dir='ltr'>Hebraicis</span> <span class='ocrx_word' id='word_1_103' title='bbox 1434 972 1591 1027; x_wconf 79' lang='lat' dir='ltr'>literiS,</span> <span class='ocrx_word' id='word_1_104' title='bbox 1630 972 1679 1014; x_wconf 89' lang='lat' dir='ltr'>in</span> <span class='ocrx_word' id='word_1_105' title='bbox 1720 972 2055 1016; x_wconf 88' lang='lat' dir='ltr'>Mathematicis</span> 
     </span>
     <span class='ocr_line' id='line_1_13' title="bbox 358 1043 2056 1102; baseline -0.002 -14"><span class='ocrx_word' id='word_1_106' title='bbox 358 1045 608 1102; x_wconf 87' lang='lat' dir='ltr'>disciplinis</span> <span class='ocrx_word' id='word_1_107' title='bbox 639 1058 731 1086; x_wconf 89' lang='lat' dir='ltr'>non</span> <span class='ocrx_word' id='word_1_108' title='bbox 764 1058 916 1085; x_wconf 88' lang='lat' dir='ltr'>omnes</span> <span class='ocrx_word' id='word_1_109' title='bbox 950 1058 1127 1099; x_wconf 84' lang='lat' dir='ltr'>operam</span> <span class='ocrx_word' id='word_1_110' title='bbox 1151 1059 1314 1100; x_wconf 88' lang='lat' dir='ltr'>ponere</span> <span class='ocrx_word' id='word_1_111' title='bbox 1334 1048 1570 1100; x_wconf 84' lang='lat' dir='ltr'>cogantur,</span> <span class='ocrx_word' id='word_1_112' title='bbox 1604 1043 1681 1085; x_wconf 91' lang='lat' dir='ltr'>sed</span> <span class='ocrx_word' id='word_1_113' title='bbox 1713 1043 1855 1100; x_wconf 81' lang='lat' dir='ltr'>aliqui</span> <span class='ocrx_word' id='word_1_114' title='bbox 1883 1059 2056 1101; x_wconf 84' lang='lat' dir='ltr'>semper</span> 
     </span>
     <span class='ocr_line' id='line_1_14' title="bbox 357 1115 1074 1159; baseline -0.003 -1"><span class='ocrx_word' id='word_1_115' title='bbox 357 1117 491 1159; x_wconf 87' lang='lat' dir='ltr'>iustis</span> <span class='ocrx_word' id='word_1_116' title='bbox 523 1116 576 1157; x_wconf 88' lang='lat' dir='ltr'>de</span> <span class='ocrx_word' id='word_1_117' title='bbox 609 1115 754 1157; x_wconf 76' lang='lat' dir='ltr'>causis</span> <span class='ocrx_word' id='word_1_118' title='bbox 786 1115 1074 1156; x_wconf 76' lang='lat' dir='ltr'>eximantur?</span> 
     </span>
    </p>

    <p class='ocr_par' dir='ltr' id='par_1_4' title="bbox 358 1185 2061 2456">
     <span class='ocr_line' id='line_1_15' title="bbox 500 1185 2055 1237; baseline -0.001 -8"><span class='ocrx_word' id='word_1_119' title='bbox 500 1187 631 1237; x_wconf 76' lang='lat' dir='ltr'>Quod</span> <span class='ocrx_word' id='word_1_120' title='bbox 664 1187 701 1229; x_wconf 92' lang='lat' dir='ltr'>si</span> <span class='ocrx_word' id='word_1_121' title='bbox 734 1186 1118 1228; x_wconf 59' lang='grc' dir='ltr'>Ο0118151150131011081</span> <span class='ocrx_word' id='word_1_122' title='bbox 1156 1186 1205 1228; x_wconf 86' lang='grc'>111</span> <span class='ocrx_word' id='word_1_123' title='bbox 1244 1185 1462 1228; x_wconf 85' lang='lat' dir='ltr'>classibus</span> <span class='ocrx_word' id='word_1_124' title='bbox 1493 1186 1810 1228; x_wconf 85' lang='lat' dir='ltr'>Humanitatis</span> <span class='ocrx_word' id='word_1_125' title='bbox 1851 1202 1901 1229; x_wconf 91' lang='lat' dir='ltr'>ac</span> <span class='ocrx_word' id='word_1_126' title='bbox 1932 1186 2055 1228; x_wconf 83' lang='lat' dir='ltr'>Rhe-</span> 
     </span>
     <span class='ocr_line' id='line_1_16' title="bbox 358 1257 2056 1313; baseline -0.001 -12"><span class='ocrx_word' id='word_1_127' title='bbox 358 1260 525 1301; x_wconf 80' lang='lat' dir='ltr'>toricae</span> <span class='ocrx_word' id='word_1_128' title='bbox 558 1259 820 1313; x_wconf 78' lang='lat' dir='ltr'>significant</span> <span class='ocrx_word' id='word_1_129' title='bbox 853 1258 1047 1300; x_wconf 78' lang='lat' dir='ltr'>Graecas</span> <span class='ocrx_word' id='word_1_130' title='bbox 1079 1258 1233 1299; x_wconf 85' lang='lat' dir='ltr'>literas</span> <span class='ocrx_word' id='word_1_131' title='bbox 1265 1272 1358 1299; x_wconf 90' lang='lat' dir='ltr'>esse</span> <span class='ocrx_word' id='word_1_132' title='bbox 1391 1257 1645 1311; x_wconf 87' lang='lat' dir='ltr'>discendas,</span> <span class='ocrx_word' id='word_1_133' title='bbox 1684 1257 1732 1299; x_wconf 88' lang='lat' dir='ltr'>id</span> <span class='ocrx_word' id='word_1_134' title='bbox 1763 1273 1856 1300; x_wconf 87' lang='lat' dir='ltr'>non</span> <span class='ocrx_word' id='word_1_135' title='bbox 1888 1257 2056 1300; x_wconf 88' lang='lat' dir='ltr'>incom-</span> 
     </span>
     <span class='ocr_line' id='line_1_17' title="bbox 362 1328 2056 1386; baseline -0.001 -14"><span class='ocrx_word' id='word_1_136' title='bbox 362 1331 491 1372; x_wconf 83' lang='lat' dir='ltr'>mode</span> <span class='ocrx_word' id='word_1_137' title='bbox 545 1330 598 1371; x_wconf 93' lang='lat' dir='ltr'>de</span> <span class='ocrx_word' id='word_1_138' title='bbox 632 1329 865 1371; x_wconf 74' lang='lat' dir='ltr'>autoribus</span> <span class='ocrx_word' id='word_1_139' title='bbox 921 1328 1217 1386; x_wconf 65' lang='lat' dir='ltr'>explicanldis</span> <span class='ocrx_word' id='word_1_140' title='bbox 1267 1328 1604 1384; x_wconf 83' lang='lat' dir='ltr'>scribendisque</span> <span class='ocrx_word' id='word_1_141' title='bbox 1654 1329 2056 1386; x_wconf 85' lang='lat' dir='ltr'>compositionibus</span> 
     </span>
     <span class='ocr_line' id='line_1_18' title="bbox 359 1399 2057 1457; baseline -0.001 -14"><span class='ocrx_word' id='word_1_142' title='bbox 359 1400 558 1457; x_wconf 77' lang='lat' dir='ltr'>intelligi</span> <span class='ocrx_word' id='word_1_143' title='bbox 600 1405 749 1457; x_wconf 84' lang='lat' dir='ltr'>potest</span> <span class='ocrx_word' id='word_1_144' title='bbox 788 1416 839 1441; x_wconf 88' lang='lat' dir='ltr'>ac</span> <span class='ocrx_word' id='word_1_145' title='bbox 880 1400 1032 1454; x_wconf 86' lang='lat' dir='ltr'>debet,</span> <span class='ocrx_word' id='word_1_146' title='bbox 1071 1414 1162 1442; x_wconf 91' lang='lat' dir='ltr'>non</span> <span class='ocrx_word' id='word_1_147' title='bbox 1194 1399 1304 1441; x_wconf 90' lang='lat' dir='ltr'>item</span> <span class='ocrx_word' id='word_1_148' title='bbox 1337 1400 1391 1442; x_wconf 89' lang='lat' dir='ltr'>de</span> <span class='ocrx_word' id='word_1_149' title='bbox 1422 1399 1729 1455; x_wconf 82' lang='lat' dir='ltr'>RudimentiS,</span> <span class='ocrx_word' id='word_1_150' title='bbox 1770 1415 1872 1442; x_wconf 89' lang='lat' dir='ltr'>cum</span> <span class='ocrx_word' id='word_1_151' title='bbox 1906 1415 2057 1442; x_wconf 88' lang='lat' dir='ltr'>cerna-</span> 
     </span>
     <span class='ocr_line' id='line_1_19' title="bbox 358 1471 2058 1529; baseline 0 -15"><span class='ocrx_word' id='word_1_152' title='bbox 358 1489 456 1514; x_wconf 85' lang='lat' dir='ltr'>mus</span> <span class='ocrx_word' id='word_1_153' title='bbox 489 1473 644 1525; x_wconf 84' lang='lat' dir='ltr'>oculis‚</span> <span class='ocrx_word' id='word_1_154' title='bbox 680 1472 872 1527; x_wconf 77' lang='lat' dir='ltr'>triginta</span> <span class='ocrx_word' id='word_1_155' title='bbox 904 1471 1092 1513; x_wconf 76' lang='lat' dir='ltr'>fortasse</span> <span class='ocrx_word' id='word_1_156' title='bbox 1131 1474 1176 1512; x_wconf 90' lang='lat' dir='ltr'>et</span> <span class='ocrx_word' id='word_1_157' title='bbox 1215 1486 1267 1512; x_wconf 92' lang='lat' dir='ltr'>eo</span> <span class='ocrx_word' id='word_1_158' title='bbox 1300 1471 1494 1528; x_wconf 88' lang='lat' dir='ltr'>amplius</span> <span class='ocrx_word' id='word_1_159' title='bbox 1527 1487 1749 1514; x_wconf 87' lang='lat' dir='ltr'>annorum</span> <span class='ocrx_word' id='word_1_160' title='bbox 1781 1472 2058 1529; x_wconf 80' lang='lat' dir='ltr'>experientia</span> 
     </span>
     <span class='ocr_line' id='line_1_20' title="bbox 359 1542 2058 1599; baseline 0 -14"><span class='ocrx_word' id='word_1_161' title='bbox 359 1544 501 1597; x_wconf 72' lang='lat' dir='ltr'>docti,</span> <span class='ocrx_word' id='word_1_162' title='bbox 535 1544 573 1584; x_wconf 87' lang='lat' dir='ltr'>si</span> <span class='ocrx_word' id='word_1_163' title='bbox 604 1544 651 1584; x_wconf 88' lang='lat' dir='ltr'>in</span> <span class='ocrx_word' id='word_1_164' title='bbox 685 1543 859 1584; x_wconf 84' lang='lat' dir='ltr'>duabus</span> <span class='ocrx_word' id='word_1_165' title='bbox 892 1542 1013 1584; x_wconf 88' lang='grc'>111800</span> <span class='ocrx_word' id='word_1_166' title='bbox 1047 1542 1265 1584; x_wconf 82' lang='lat' dir='ltr'>classibus</span> <span class='ocrx_word' id='word_1_167' title='bbox 1297 1547 1478 1585; x_wconf 88' lang='lat' dir='ltr'>tantum</span> <span class='ocrx_word' id='word_1_168' title='bbox 1503 1543 1701 1585; x_wconf 80' lang='lat' dir='ltr'>Graecae</span> <span class='ocrx_word' id='word_1_169' title='bbox 1734 1543 1917 1599; x_wconf 84' lang='lat' dir='ltr'>linguae</span> <span class='ocrx_word' id='word_1_170' title='bbox 1937 1543 2058 1585; x_wconf 87' lang='lat' dir='ltr'>aedi-</span> 
     </span>
     <span class='ocr_line' id='line_1_21' title="bbox 358 1613 2057 1671; baseline -0.001 -15"><span class='ocrx_word' id='word_1_171' title='bbox 358 1616 532 1668; x_wconf 86' lang='lat' dir='ltr'>ficium,</span> <span class='ocrx_word' id='word_1_172' title='bbox 572 1620 792 1670; x_wconf 82' lang='lat' dir='ltr'>tanquam</span> <span class='ocrx_word' id='word_1_173' title='bbox 832 1614 1128 1656; x_wconf 83' lang='lat' dir='ltr'>tumultuarie</span> <span class='ocrx_word' id='word_1_174' title='bbox 1161 1614 1378 1655; x_wconf 85' lang='lat' dir='ltr'>coniectis</span> <span class='ocrx_word' id='word_1_175' title='bbox 1405 1613 1650 1671; x_wconf 85' lang='lat' dir='ltr'>lapidibus,</span> <span class='ocrx_word' id='word_1_176' title='bbox 1690 1613 1789 1669; x_wconf 89' lang='lat' dir='ltr'>fiat,</span> <span class='ocrx_word' id='word_1_177' title='bbox 1821 1628 2057 1669; x_wconf 89' lang='lat' dir='ltr'>nunquam</span> 
     </span>
     <span class='ocr_line' id='line_1_22' title="bbox 360 1684 2057 1742; baseline -0.001 -14"><span class='ocrx_word' id='word_1_178' title='bbox 360 1687 416 1728; x_wconf 83' lang='lat' dir='ltr'>ad</span> <span class='ocrx_word' id='word_1_179' title='bbox 449 1687 628 1728; x_wconf 86' lang='lat' dir='ltr'>culmen</span> <span class='ocrx_word' id='word_1_180' title='bbox 661 1700 789 1742; x_wconf 84' lang='lat' dir='ltr'>posse</span> <span class='ocrx_word' id='word_1_181' title='bbox 822 1685 1028 1742; x_wconf 73' lang='lat' dir='ltr'>perduci,</span> <span class='ocrx_word' id='word_1_182' title='bbox 1063 1690 1128 1741; x_wconf 92' lang='lat' dir='ltr'>et,</span> <span class='ocrx_word' id='word_1_183' title='bbox 1162 1686 1199 1726; x_wconf 90' lang='lat' dir='ltr'>si</span> <span class='ocrx_word' id='word_1_184' title='bbox 1232 1685 1342 1740; x_wconf 90' lang='lat' dir='ltr'>quid</span> <span class='ocrx_word' id='word_1_185' title='bbox 1374 1690 1442 1727; x_wconf 91' lang='lat' dir='ltr'>est</span> <span class='ocrx_word' id='word_1_186' title='bbox 1473 1685 1781 1740; x_wconf 87' lang='lat' dir='ltr'>aedificatum,</span> <span class='ocrx_word' id='word_1_187' title='bbox 1815 1684 1863 1726; x_wconf 89' lang='lat' dir='ltr'>id</span> <span class='ocrx_word' id='word_1_188' title='bbox 1894 1689 2057 1739; x_wconf 88' lang='lat' dir='ltr'>totum,</span> 
     </span>
     <span class='ocr_line' id='line_1_23' title="bbox 359 1756 2059 1814; baseline -0.001 -15"><span class='ocrx_word' id='word_1_189' title='bbox 359 1758 809 1814; x_wconf 83' lang='lat' dir='ltr'>quantulumcunque</span> <span class='ocrx_word' id='word_1_190' title='bbox 842 1757 1025 1798; x_wconf 88' lang='lat' dir='ltr'>tandem</span> <span class='ocrx_word' id='word_1_191' title='bbox 1058 1761 1136 1812; x_wconf 90' lang='lat' dir='ltr'>est,</span> <span class='ocrx_word' id='word_1_192' title='bbox 1170 1761 1352 1813; x_wconf 86' lang='lat' dir='ltr'>repente</span> <span class='ocrx_word' id='word_1_193' title='bbox 1385 1771 1602 1811; x_wconf 89' lang='lat' dir='ltr'>corruere,</span> <span class='ocrx_word' id='word_1_194' title='bbox 1636 1756 1825 1798; x_wconf 86' lang='lat' dir='ltr'>simulac</span> <span class='ocrx_word' id='word_1_195' title='bbox 1846 1771 1892 1797; x_wconf 91' lang='lat' dir='ltr'>se</span> <span class='ocrx_word' id='word_1_196' title='bbox 1913 1756 1970 1798; x_wconf 88' lang='lat' dir='ltr'>ad</span> <span class='ocrx_word' id='word_1_197' title='bbox 1989 1757 2059 1798; x_wconf 90' lang='lat' dir='ltr'>ius</span> 
     </span>
     <span class='ocr_line' id='line_1_24' title="bbox 358 1826 2058 1884; baseline -0.002 -12"><span class='ocrx_word' id='word_1_198' title='bbox 358 1831 505 1884; x_wconf 83' lang='lat' dir='ltr'>ciuile,</span> <span class='ocrx_word' id='word_1_199' title='bbox 539 1830 596 1871; x_wconf 86' lang='lat' dir='ltr'>ad</span> <span class='ocrx_word' id='word_1_200' title='bbox 618 1828 932 1882; x_wconf 86' lang='lat' dir='ltr'>Dialecticam,</span> <span class='ocrx_word' id='word_1_201' title='bbox 967 1827 1025 1869; x_wconf 87' lang='lat' dir='ltr'>ad</span> <span class='ocrx_word' id='word_1_202' title='bbox 1053 1827 1143 1869; x_wconf 90' lang='lat' dir='ltr'>alia</span> <span class='ocrx_word' id='word_1_203' title='bbox 1171 1827 1321 1869; x_wconf 90' lang='lat' dir='ltr'>studia</span> <span class='ocrx_word' id='word_1_204' title='bbox 1348 1827 1532 1869; x_wconf 89' lang='lat' dir='ltr'>iuuenes</span> <span class='ocrx_word' id='word_1_205' title='bbox 1555 1828 1856 1869; x_wconf 89' lang='lat' dir='ltr'>contulerunt.</span> <span class='ocrx_word' id='word_1_206' title='bbox 1909 1826 2058 1876; x_wconf 73' lang='lat' dir='ltr'>Quare</span> 
     </span>
     <span class='ocr_line' id='line_1_25' title="bbox 358 1899 2057 1953; baseline -0.002 -10"><span class='ocrx_word' id='word_1_207' title='bbox 358 1908 409 1943; x_wconf 92' lang='lat' dir='ltr'>ut</span> <span class='ocrx_word' id='word_1_208' title='bbox 441 1916 533 1942; x_wconf 87' lang='lat' dir='ltr'>non</span> <span class='ocrx_word' id='word_1_209' title='bbox 566 1900 729 1942; x_wconf 75' lang='lat' dir='ltr'>violari</span> <span class='ocrx_word' id='word_1_210' title='bbox 763 1899 959 1941; x_wconf 80' lang='lat' dir='ltr'>maiores</span> <span class='ocrx_word' id='word_1_211' title='bbox 991 1899 1145 1941; x_wconf 79' lang='lat' dir='ltr'>Nostri</span> <span class='ocrx_word' id='word_1_212' title='bbox 1178 1899 1539 1941; x_wconf 82' lang='lat' dir='ltr'>Constitutiones</span> <span class='ocrx_word' id='word_1_213' title='bbox 1571 1899 1914 1953; x_wconf 84' lang='lat' dir='ltr'>existimarunt,</span> <span class='ocrx_word' id='word_1_214' title='bbox 1954 1913 2057 1941; x_wconf 87' lang='lat' dir='ltr'>cum</span> 
     </span>
     <span class='ocr_line' id='line_1_26' title="bbox 358 1969 2059 2026; baseline -0.002 -13"><span class='ocrx_word' id='word_1_215' title='bbox 358 1973 515 2014; x_wconf 83' lang='lat' dir='ltr'>multis</span> <span class='ocrx_word' id='word_1_216' title='bbox 546 1977 650 2013; x_wconf 80' lang='lat' dir='ltr'>ante</span> <span class='ocrx_word' id='word_1_217' title='bbox 684 1971 815 2012; x_wconf 87' lang='lat' dir='ltr'>annis</span> <span class='ocrx_word' id='word_1_218' title='bbox 849 1985 950 2012; x_wconf 86' lang='lat' dir='ltr'>cum</span> <span class='ocrx_word' id='word_1_219' title='bbox 982 1969 1112 2023; x_wconf 86' lang='lat' dir='ltr'>alibi,</span> <span class='ocrx_word' id='word_1_220' title='bbox 1144 1973 1243 2011; x_wconf 88' lang='lat' dir='ltr'>tum</span> <span class='ocrx_word' id='word_1_221' title='bbox 1274 1970 1447 2011; x_wconf 87' lang='lat' dir='ltr'>Romae</span> <span class='ocrx_word' id='word_1_222' title='bbox 1479 1971 1529 2011; x_wconf 89' lang='lat' dir='ltr'>in</span> <span class='ocrx_word' id='word_1_223' title='bbox 1559 1969 1709 2026; x_wconf 89' lang='lat' dir='ltr'>prima</span> <span class='ocrx_word' id='word_1_224' title='bbox 1736 1970 1875 2011; x_wconf 82' lang='lat' dir='ltr'>classe</span> <span class='ocrx_word' id='word_1_225' title='bbox 1898 1969 2059 2012; x_wconf 78' lang='lat' dir='ltr'>Gram-</span> 
     </span>
     <span class='ocr_line' id='line_1_27' title="bbox 359 2040 2059 2096; baseline -0.002 -11"><span class='ocrx_word' id='word_1_226' title='bbox 359 2045 548 2086; x_wconf 76' lang='lat' dir='ltr'>maticae</span> <span class='ocrx_word' id='word_1_227' title='bbox 580 2043 885 2084; x_wconf 77' lang='lat' dir='ltr'>adolescentes</span> <span class='ocrx_word' id='word_1_228' title='bbox 918 2041 1060 2082; x_wconf 89' lang='lat' dir='ltr'>literis</span> <span class='ocrx_word' id='word_1_229' title='bbox 1095 2041 1277 2083; x_wconf 72' lang='lat' dir='ltr'>Grraecis</span> <span class='ocrx_word' id='word_1_230' title='bbox 1310 2040 1553 2096; x_wconf 84' lang='lat' dir='ltr'>tingendos</span> <span class='ocrx_word' id='word_1_231' title='bbox 1587 2056 1681 2082; x_wconf 89' lang='lat' dir='ltr'>esse</span> <span class='ocrx_word' id='word_1_232' title='bbox 1712 2041 1970 2095; x_wconf 83' lang='lat' dir='ltr'>voluerunt,</span> <span class='ocrx_word' id='word_1_233' title='bbox 2002 2056 2059 2082; x_wconf 87' lang='lat' dir='ltr'>ne</span> 
     </span>
     <span class='ocr_line' id='line_1_28' title="bbox 360 2111 2060 2172; baseline -0.002 -17"><span class='ocrx_word' id='word_1_234' title='bbox 360 2122 536 2172; x_wconf 85' lang='lat' dir='ltr'>tempus</span> <span class='ocrx_word' id='word_1_235' title='bbox 584 2114 743 2156; x_wconf 87' lang='lat' dir='ltr'>deinde</span> <span class='ocrx_word' id='word_1_236' title='bbox 795 2118 930 2168; x_wconf 83' lang='lat' dir='ltr'>atque</span> <span class='ocrx_word' id='word_1_237' title='bbox 977 2127 1112 2169; x_wconf 88' lang='lat' dir='ltr'>opera</span> <span class='ocrx_word' id='word_1_238' title='bbox 1158 2112 1207 2154; x_wconf 89' lang='lat' dir='ltr'>in</span> <span class='ocrx_word' id='word_1_239' title='bbox 1253 2112 1355 2168; x_wconf 86' lang='lat' dir='ltr'>alijs</span> <span class='ocrx_word' id='word_1_240' title='bbox 1401 2112 1620 2154; x_wconf 85' lang='lat' dir='ltr'>classibus</span> <span class='ocrx_word' id='word_1_241' title='bbox 1667 2112 1947 2168; x_wconf 87' lang='lat' dir='ltr'>perderetur:</span> <span class='ocrx_word' id='word_1_242' title='bbox 1994 2111 2060 2153; x_wconf 88' lang='lat' dir='ltr'>ita</span> 
     </span>
     <span class='ocr_line' id='line_1_29' title="bbox 360 2182 2061 2241; baseline -0.003 -13"><span class='ocrx_word' id='word_1_243' title='bbox 360 2202 503 2241; x_wconf 67' lang='lat' dir='ltr'>neque</span> <span class='ocrx_word' id='word_1_244' title='bbox 536 2201 657 2227; x_wconf 84' lang='lat' dir='ltr'>nunc</span> <span class='ocrx_word' id='word_1_245' title='bbox 689 2190 802 2226; x_wconf 75' lang='lat' dir='ltr'>esset</span> <span class='ocrx_word' id='word_1_246' title='bbox 834 2185 889 2226; x_wconf 86' lang='lat' dir='ltr'>ab</span> <span class='ocrx_word' id='word_1_247' title='bbox 917 2183 1078 2238; x_wconf 80' lang='lat' dir='ltr'>ijsdem</span> <span class='ocrx_word' id='word_1_248' title='bbox 1111 2182 1533 2225; x_wconf 83' lang='lat' dir='ltr'>Constitutionibus</span> <span class='ocrx_word' id='word_1_249' title='bbox 1566 2184 1785 2237; x_wconf 89' lang='lat' dir='ltr'>alienum,</span> <span class='ocrx_word' id='word_1_250' title='bbox 1818 2182 1857 2224; x_wconf 92' lang='lat' dir='ltr'>si</span> <span class='ocrx_word' id='word_1_251' title='bbox 1887 2182 1936 2224; x_wconf 86' lang='lat' dir='ltr'>in</span> <span class='ocrx_word' id='word_1_252' title='bbox 1968 2197 2061 2224; x_wconf 87' lang='grc'>000-</span> 
     </span>
     <span class='ocr_line' id='line_1_30' title="bbox 360 2253 2061 2312; baseline -0.003 -14"><span class='ocrx_word' id='word_1_253' title='bbox 360 2259 466 2299; x_wconf 65' lang='lat' dir='ltr'>teris</span> <span class='ocrx_word' id='word_1_254' title='bbox 499 2272 676 2312; x_wconf 76' lang='lat' dir='ltr'>quoque</span> <span class='ocrx_word' id='word_1_255' title='bbox 710 2256 927 2297; x_wconf 71' lang='lat' dir='ltr'>classibus</span> <span class='ocrx_word' id='word_1_256' title='bbox 959 2255 1087 2312; x_wconf 88' lang='lat' dir='ltr'>pueri</span> <span class='ocrx_word' id='word_1_257' title='bbox 1118 2255 1286 2297; x_wconf 87' lang='lat' dir='ltr'>eisdem</span> <span class='ocrx_word' id='word_1_258' title='bbox 1316 2254 1460 2296; x_wconf 88' lang='lat' dir='ltr'>literis</span> <span class='ocrx_word' id='word_1_259' title='bbox 1494 2253 1792 2307; x_wconf 85' lang='lat' dir='ltr'>erudirentur,</span> <span class='ocrx_word' id='word_1_260' title='bbox 1827 2267 1929 2294; x_wconf 88' lang='grc'>00111</span> <span class='ocrx_word' id='word_1_261' title='bbox 1952 2253 2061 2294; x_wconf 89' lang='grc'>0110-</span> 
     </span>
     <span class='ocr_line' id='line_1_31' title="bbox 362 2323 2057 2385; baseline -0.001 -19"><span class='ocrx_word' id='word_1_262' title='bbox 362 2331 472 2384; x_wconf 70' lang='lat' dir='ltr'>quin</span> <span class='ocrx_word' id='word_1_263' title='bbox 505 2334 681 2385; x_wconf 82' lang='lat' dir='ltr'>tempus</span> <span class='ocrx_word' id='word_1_264' title='bbox 713 2327 848 2381; x_wconf 83' lang='lat' dir='ltr'>illud,</span> <span class='ocrx_word' id='word_1_265' title='bbox 883 2327 1005 2382; x_wconf 85' lang='lat' dir='ltr'>quod</span> <span class='ocrx_word' id='word_1_266' title='bbox 1033 2326 1218 2369; x_wconf 74' lang='lat' dir='ltr'>Graecis</span> <span class='ocrx_word' id='word_1_267' title='bbox 1249 2326 1384 2368; x_wconf 86' lang='lat' dir='ltr'>datur</span> <span class='ocrx_word' id='word_1_268' title='bbox 1409 2325 1457 2367; x_wconf 85' lang='grc'>111</span> <span class='ocrx_word' id='word_1_269' title='bbox 1479 2323 1795 2366; x_wconf 88' lang='lat' dir='ltr'>Humanitatis</span> <span class='ocrx_word' id='word_1_270' title='bbox 1828 2324 2057 2378; x_wconf 84' lang='lat' dir='ltr'>classibus,</span> 
     </span>
     <span class='ocr_line' id='line_1_32' title="bbox 360 2398 1140 2456; baseline -0.003 -16"><span class='ocrx_word' id='word_1_271' title='bbox 360 2400 526 2441; x_wconf 79' lang='lat' dir='ltr'>frustra</span> <span class='ocrx_word' id='word_1_272' title='bbox 557 2401 756 2456; x_wconf 76' lang='lat' dir='ltr'>positum</span> <span class='ocrx_word' id='word_1_273' title='bbox 790 2414 882 2440; x_wconf 84' lang='lat' dir='ltr'>esse</span> <span class='ocrx_word' id='word_1_274' title='bbox 914 2398 1140 2441; x_wconf 89' lang='lat' dir='ltr'>videatur.</span> 
     </span>
    </p>

    <p class='ocr_par' dir='ltr' id='par_1_5' title="bbox 362 2465 2062 3024">
     <span class='ocr_line' id='line_1_33' title="bbox 510 2465 2060 2525; baseline -0.003 -13"><span class='ocrx_word' id='word_1_275' title='bbox 510 2472 685 2525; x_wconf 83' lang='lat' dir='ltr'>Verum,</span> <span class='ocrx_word' id='word_1_276' title='bbox 723 2471 955 2525; x_wconf 80' lang='lat' dir='ltr'>inquiunt,</span> <span class='ocrx_word' id='word_1_277' title='bbox 991 2467 1203 2523; x_wconf 78' lang='lat' dir='ltr'>Magistri</span> <span class='ocrx_word' id='word_1_278' title='bbox 1235 2467 1314 2523; x_wconf 84' lang='lat' dir='ltr'>qui</span> <span class='ocrx_word' id='word_1_279' title='bbox 1347 2466 1503 2508; x_wconf 84' lang='lat' dir='ltr'>docere</span> <span class='ocrx_word' id='word_1_280' title='bbox 1535 2465 1708 2523; x_wconf 84' lang='lat' dir='ltr'>possint</span> <span class='ocrx_word' id='word_1_281' title='bbox 1741 2466 1934 2521; x_wconf 79' lang='lat' dir='ltr'>Graeca,</span> <span class='ocrx_word' id='word_1_282' title='bbox 1967 2469 2060 2508; x_wconf 82' lang='lat' dir='ltr'>tam</span> 
     </span>
     <span class='ocr_line' id='line_1_34' title="bbox 363 2537 2061 2597; baseline -0.002 -15"><span class='ocrx_word' id='word_1_283' title='bbox 363 2542 497 2583; x_wconf 81' lang='lat' dir='ltr'>multi</span> <span class='ocrx_word' id='word_1_284' title='bbox 535 2558 625 2583; x_wconf 76' lang='lat' dir='ltr'>non</span> <span class='ocrx_word' id='word_1_285' title='bbox 666 2542 959 2597; x_wconf 84' lang='lat' dir='ltr'>reperientur.</span> <span class='ocrx_word' id='word_1_286' title='bbox 1023 2539 1306 2596; x_wconf 82' lang='lat' dir='ltr'>Responderi</span> <span class='ocrx_word' id='word_1_287' title='bbox 1354 2542 1520 2595; x_wconf 88' lang='lat' dir='ltr'>potest,</span> <span class='ocrx_word' id='word_1_288' title='bbox 1567 2553 1623 2579; x_wconf 88' lang='grc'>110</span> <span class='ocrx_word' id='word_1_289' title='bbox 1666 2552 1833 2594; x_wconf 88' lang='lat' dir='ltr'>paucos</span> <span class='ocrx_word' id='word_1_290' title='bbox 1880 2537 2061 2594; x_wconf 88' lang='lat' dir='ltr'>quidem</span> 
     </span>
     <span class='ocr_line' id='line_1_35' title="bbox 362 2608 2062 2669; baseline -0.001 -17"><span class='ocrx_word' id='word_1_291' title='bbox 362 2613 621 2669; x_wconf 56' lang='lat' dir='ltr'>[nepedieni</span> <span class='ocrx_word' id='word_1_292' title='bbox 668 2617 897 2669; x_wconf 77' lang='lat' dir='ltr'>repertum</span> <span class='ocrx_word' id='word_1_293' title='bbox 940 2612 1018 2666; x_wconf 86' lang='lat' dir='ltr'>iri,</span> <span class='ocrx_word' id='word_1_294' title='bbox 1067 2612 1147 2667; x_wconf 86' lang='lat' dir='ltr'>qui</span> <span class='ocrx_word' id='word_1_295' title='bbox 1187 2612 1382 2652; x_wconf 58' lang='grc'>(1100008</span> <span class='ocrx_word' id='word_1_296' title='bbox 1422 2609 1599 2650; x_wconf 84' lang='lat' dir='ltr'>litteras</span> <span class='ocrx_word' id='word_1_297' title='bbox 1643 2609 1715 2651; x_wconf 90' lang='lat' dir='ltr'>vel</span> <span class='ocrx_word' id='word_1_298' title='bbox 1758 2609 1808 2650; x_wconf 90' lang='lat' dir='ltr'>in</span> <span class='ocrx_word' id='word_1_299' title='bbox 1846 2608 2062 2650; x_wconf 87' lang='lat' dir='ltr'>classibus</span> 
     </span>
     <span class='ocr_line' id='line_1_36' title="bbox 363 2679 2060 2735; baseline -0.003 -9"><span class='ocrx_word' id='word_1_300' title='bbox 363 2685 676 2726; x_wconf 60' lang='lat' dir='ltr'>Humanitatis</span> <span class='ocrx_word' id='word_1_301' title='bbox 724 2701 774 2725; x_wconf 75' lang='lat' dir='ltr'>ac</span> <span class='ocrx_word' id='word_1_302' title='bbox 822 2683 1095 2725; x_wconf 75' lang='lat' dir='ltr'>Rhetoricae</span> <span class='ocrx_word' id='word_1_303' title='bbox 1141 2682 1352 2735; x_wconf 81' lang='lat' dir='ltr'>doceant,</span> <span class='ocrx_word' id='word_1_304' title='bbox 1396 2679 1484 2720; x_wconf 88' lang='lat' dir='ltr'>nisi</span> <span class='ocrx_word' id='word_1_305' title='bbox 1532 2679 1843 2735; x_wconf 89' lang='lat' dir='ltr'>prouideatur:</span> <span class='ocrx_word' id='word_1_306' title='bbox 1896 2679 2060 2721; x_wconf 88' lang='lat' dir='ltr'>deinde</span> 
     </span>
     <span class='ocr_line' id='line_1_37' title="bbox 363 2750 2062 2805; baseline -0.002 -9"><span class='ocrx_word' id='word_1_307' title='bbox 363 2755 553 2797; x_wconf 61' lang='lat' dir='ltr'>scientia</span> <span class='ocrx_word' id='word_1_308' title='bbox 592 2770 679 2796; x_wconf 86' lang='lat' dir='ltr'>non</span> <span class='ocrx_word' id='word_1_309' title='bbox 722 2759 852 2796; x_wconf 83' lang='lat' dir='ltr'>tanta</span> <span class='ocrx_word' id='word_1_310' title='bbox 896 2759 1011 2795; x_wconf 82' lang='lat' dir='ltr'>esset</span> <span class='ocrx_word' id='word_1_311' title='bbox 1050 2753 1140 2794; x_wconf 85' lang='lat' dir='ltr'>illis</span> <span class='ocrx_word' id='word_1_312' title='bbox 1178 2753 1443 2805; x_wconf 83' lang='lat' dir='ltr'>necessaria,</span> <span class='ocrx_word' id='word_1_313' title='bbox 1485 2751 1650 2805; x_wconf 85' lang='lat' dir='ltr'>quibus</span> <span class='ocrx_word' id='word_1_314' title='bbox 1691 2755 1807 2792; x_wconf 88' lang='lat' dir='ltr'>esset</span> <span class='ocrx_word' id='word_1_315' title='bbox 1838 2751 1886 2792; x_wconf 90' lang='lat' dir='ltr'>in</span> <span class='ocrx_word' id='word_1_316' title='bbox 1917 2750 2062 2792; x_wconf 88' lang='lat' dir='ltr'>tribus</span> 
     </span>
     <span class='ocr_line' id='line_1_38' title="bbox 364 2821 2062 2881; baseline -0.004 -12"><span class='ocrx_word' id='word_1_317' title='bbox 364 2828 431 2869; x_wconf 60' lang='lat' dir='ltr'>vv]</span> <span class='ocrx_word' id='word_1_318' title='bbox 491 2832 684 2881; x_wconf 71' lang='lat' dir='ltr'>quatuor</span> <span class='ocrx_word' id='word_1_319' title='bbox 740 2825 1030 2866; x_wconf 62' lang='lat' dir='ltr'>inierim-ibus</span> <span class='ocrx_word' id='word_1_320' title='bbox 1084 2823 1301 2865; x_wconf 76' lang='lat' dir='ltr'>classibus</span> <span class='ocrx_word' id='word_1_321' title='bbox 1353 2822 1627 2876; x_wconf 84' lang='lat' dir='ltr'>docendum,</span> <span class='ocrx_word' id='word_1_322' title='bbox 1684 2826 1735 2864; x_wconf 88' lang='lat' dir='ltr'>vt</span> <span class='ocrx_word' id='word_1_323' title='bbox 1784 2836 1876 2863; x_wconf 87' lang='lat' dir='ltr'>non</span> <span class='ocrx_word' id='word_1_324' title='bbox 1930 2821 2062 2863; x_wconf 84' lang='lat' dir='ltr'>facile</span> 
     </span>
     <span class='ocr_line' id='line_1_39' title="bbox 364 2892 2062 2953; baseline -0.004 -14"><span class='ocrx_word' id='word_1_325' title='bbox 364 2898 512 2953; x_wconf 76' lang='lat' dir='ltr'>quiuis</span> <span class='ocrx_word' id='word_1_326' title='bbox 560 2897 738 2953; x_wconf 82' lang='lat' dir='ltr'>priuato</span> <span class='ocrx_word' id='word_1_327' title='bbox 785 2896 933 2937; x_wconf 80' lang='lat' dir='ltr'>studio</span> <span class='ocrx_word' id='word_1_328' title='bbox 982 2910 1033 2936; x_wconf 78' lang='lat' dir='ltr'>ac</span> <span class='ocrx_word' id='word_1_329' title='bbox 1077 2894 1342 2950; x_wconf 87' lang='lat' dir='ltr'>peritiorum</span> <span class='ocrx_word' id='word_1_330' title='bbox 1391 2909 1473 2949; x_wconf 74' lang='lat' dir='ltr'>ope</span> <span class='ocrx_word' id='word_1_331' title='bbox 1519 2893 1604 2934; x_wconf 86' lang='lat' dir='ltr'>hoc</span> <span class='ocrx_word' id='word_1_332' title='bbox 1646 2907 1760 2934; x_wconf 90' lang='lat' dir='ltr'>onus</span> <span class='ocrx_word' id='word_1_333' title='bbox 1800 2892 1944 2948; x_wconf 85' lang='lat' dir='ltr'>possit</span> <span class='ocrx_word' id='word_1_334' title='bbox 1982 2906 2062 2949; x_wconf 88' lang='lat' dir='ltr'>pro</span> 
     </span>
     <span class='ocr_line' id='line_1_40' title="bbox 365 2968 858 3024; baseline -0.004 -15"><span class='ocrx_word' id='word_1_335' title='bbox 365 2969 591 3024; x_wconf 74' lang='lat' dir='ltr'>dignitate</span> <span class='ocrx_word' id='word_1_336' title='bbox 625 2968 858 3008; x_wconf 74' lang='lat' dir='ltr'>sustinere.</span> 
     </span>
    </p>
   </div>
   <div class='ocr_carea' id='block_1_4' title="bbox 513 3122 929 3165">
    <p class='ocr_par' dir='ltr' id='par_1_6' title="bbox 513 3122 929 3165">
     <span class='ocr_line' id='line_1_41' title="bbox 513 3122 929 3165; baseline -0.002 -10"><span class='ocrx_word' id='word_1_337' title='bbox 513 3123 521 3140; x_wconf 92' lang='lat'>¹</span> <span class='ocrx_word' id='word_1_338' title='bbox 549 3124 582 3155; x_wconf 81' lang='lat'>4.</span> <span class='ocrx_word' id='word_1_339' title='bbox 614 3123 709 3156; x_wconf 78' lang='lat' dir='ltr'>Part.</span> <span class='ocrx_word' id='word_1_340' title='bbox 761 3122 846 3165; x_wconf 78' lang='lat' dir='ltr'>Cap.</span> <span class='ocrx_word' id='word_1_341' title='bbox 879 3123 929 3155; x_wconf 76' lang='lat'>13.</span> 
     </span>
    </p>
   </div>
  </div>
 </body>
</html>
