2084 3441
142 2352 170 2375 p.
195 2345 254 2370 100.

272 205 329 248 84
440 215 554 250 Ratio
582 215 788 251 studiorum
815 218 853 251 et
876 215 1132 252 institutiones
1159 217 1402 253 scholasticae
1428 216 1624 254 Societatis
1649 217 1741 255 Jesu
1765 219 1805 255 II

274 335 512 378 dimidiam
558 335 716 378 horam
761 341 940 379 tantum
981 337 1246 390 intererunt,
1295 340 1341 377 et
1371 349 1516 392 pauca
1546 334 1825 380 videbuntur
1855 352 1967 393 esse;

274 410 318 448 et
363 406 552 448 audient
597 411 823 449 assuetum
869 407 1114 463 languidae
1162 406 1402 449 dictationi
1451 409 1496 448 et
1538 405 1718 464 scriptis
1756 407 1970 451 fidentem

272 477 509 533 minusque
539 477 588 519 in
619 477 888 535 explicando
921 478 1230 520 exercitatum.

413 551 453 593 9.
488 549 831 591 Assuefaciendi
878 553 985 590 sunt
1016 549 1255 603 auditores,
1300 552 1352 590 vt
1390 562 1493 590 suas
1530 548 1703 591 faciant
1731 564 1813 605 res,
1860 565 1972 607 quas

272 618 479 673 audiunt,
513 623 559 660 et
590 633 671 661 suo
703 618 873 660 iudicio
907 634 958 661 ac
992 619 1168 661 delectu
1189 618 1410 661 scribant:
1443 618 1507 661 sic
1527 619 1790 676 intelligent
1811 621 1971 665 melius

272 694 318 732 et
347 689 494 745 magis
527 689 858 732 excitabuntur.

419 763 486 804 10.
522 760 571 803 Si
592 760 702 816 quid
722 760 841 802 inter
861 760 1103 816 legendum
1125 760 1305 803 excidat
1321 760 1580 816 Professori,
1612 761 1651 803 si
1667 775 1760 804 non
1776 763 1970 819 penitus,

272 835 320 874 at
350 831 529 874 facilius
562 831 837 873 dissimulari
868 835 1018 888 posset
1052 831 1128 873 vbi
1158 846 1251 873 non
1282 831 1495 873 dictatur.

413 903 567 945 Vnum
599 906 666 943 est
695 901 1045 956 incommodum,
1083 901 1204 958 quod
1236 901 1446 959 discipuli
1475 917 1568 944 non
1599 902 1815 946 videntur
1843 918 1972 962 posse

271 978 390 1016 recte
422 973 625 1027 scribere,
659 973 695 1014 si
720 987 812 1014 non
834 973 1042 1027 dictetur,
1065 972 1160 1015 siue
1182 972 1239 1014 ob
1258 972 1450 1028 legentis
1473 974 1747 1017 celeritatem
1766 974 1970 1031 nimiam,

272 1044 367 1087 siue
387 1044 493 1100 quia
515 1059 570 1086 ex
592 1043 761 1098 multis,
796 1059 910 1100 quae
931 1043 980 1085 in
1002 1043 1268 1100 explicando
1301 1043 1414 1086 dicit
1444 1049 1718 1103 praeceptor,
1760 1046 1973 1089 nesciunt

272 1117 523 1158 necessaria
578 1115 778 1171 seligere,
832 1119 877 1157 et
931 1114 1038 1157 dum
1085 1114 1200 1156 aliae
1248 1118 1292 1156 et
1339 1114 1454 1157 aliae
1499 1114 1680 1172 phrases
1727 1115 1970 1173 adduntur,

271 1187 606 1244 perturbantur,
633 1187 839 1229 scribunt
859 1185 1174 1243 incomposite,
1189 1186 1339 1242 inepte
1355 1190 1399 1227 et
1416 1186 1659 1242 aliquando
1688 1201 1791 1229 cum
1816 1187 1974 1230 errori-

272 1259 369 1301 bus.
418 1258 505 1301 Sed
525 1258 780 1315 responderi
804 1261 965 1315 potest,
997 1256 1047 1298 in
1066 1261 1296 1314 posterum
1319 1271 1412 1299 esse
1442 1257 1636 1300 lecturos
1669 1258 1743 1300 vel
1774 1272 1861 1314 eos,
1894 1258 1974 1315 qui

272 1344 393 1371 nunc
410 1330 608 1386 primum
626 1328 855 1386 incipiunt
871 1327 1142 1385 praelegere,
1164 1327 1239 1370 vel
1256 1331 1458 1369 assuetos
1473 1327 1565 1370 iam
1582 1327 1662 1370 diu
1678 1328 1727 1370 in
1744 1328 1973 1372 dictando.

276 1400 325 1444 Si
349 1415 472 1442 nunc
496 1399 707 1457 primum,
753 1399 880 1456 prius
911 1402 1204 1441 exerceantur
1234 1398 1466 1455 priuatim,
1513 1398 1655 1442 donec
1685 1414 1785 1442 eam
1815 1399 1973 1442 ineant

272 1470 561 1529 praelegendi
606 1471 842 1525 rationem,
888 1474 942 1513 vt
978 1484 1084 1527 pars
1122 1470 1321 1512 maxima
1352 1470 1494 1526 possit
1522 1470 1724 1513 breuiter
1754 1475 1972 1514 annotare

272 1542 533 1597 necessaria,
567 1557 682 1598 quae
700 1557 793 1584 non
814 1541 1069 1584 habeantur
1099 1541 1148 1583 in
1178 1540 1381 1598 uulgatis
1411 1544 1455 1583 et
1485 1541 1535 1583 in
1565 1546 1780 1599 promptu
1810 1541 1972 1599 positis

273 1613 522 1668 autoribus,
541 1613 650 1656 haec
660 1613 777 1655 enim
788 1612 1026 1655 scribenda
1038 1612 1129 1655 fere
1143 1627 1235 1655 non
1248 1617 1368 1667 sunt,
1387 1611 1466 1654 sed
1479 1612 1683 1655 notanda
1695 1613 1808 1655 loco.
1834 1613 1972 1670 „Pars

272 1685 495 1727 1112111111111,α
522 1684 631 1740 dixi,
664 1699 757 1727 non
788 1684 909 1726 enim
938 1687 1124 1740 propter
1151 1683 1445 1741 paucissimos
1474 1682 1696 1726 tardiores
1723 1683 1972 1727 incommo-

273 1755 474 1798 dandum
507 1760 574 1798 est
603 1755 691 1798 toti
714 1755 924 1798 Scholae:
959 1754 1160 1797 scribant
1192 1769 1306 1811 quae
1336 1758 1546 1812 possunt:
1579 1769 1694 1811 quae
1724 1759 1969 1811 nequeunt,

273 1841 354 1884 pro
374 1826 431 1883 ijs
451 1827 714 1883 relinquant
735 1826 882 1883 spatia
904 1825 1125 1883 quaedam
1146 1840 1305 1880 vacua,
1336 1840 1443 1868 mox
1464 1825 1732 1883 complenda
1753 1826 1971 1883 priuatim

273 1898 466 1941 aliorum
498 1898 682 1940 auxilio,

417 1970 542 2012 Haec
574 1974 725 2012 autem
755 1967 1045 2027 praelegendi
1075 1968 1192 2011 ratio
1223 1972 1374 2026 posset
1405 1983 1498 2010 esse
1529 1967 1749 2011 eiusmodi
1779 1968 1889 2011 fere:

415 2041 620 2083 Primum
653 2044 751 2082 tota
778 2040 1026 2097 propositio
1050 2039 1201 2095 aliqua
1219 2054 1310 2083 vno
1332 2039 1424 2082 fere
1446 2039 1610 2097 spiritu
1629 2041 1967 2097 pronunciatur,

272 2127 364 2155 non
373 2112 596 2155 verbatim
608 2111 877 2168 interposita
890 2125 1015 2153 mora
1027 2126 1035 2165 3
1055 2111 1209 2153 eadem
1221 2110 1415 2153 totidem
1427 2110 1576 2153 verbis
1589 2115 1831 2168 repetatur,
1848 2111 1968 2168 quod

273 2184 357 2226 erit
376 2185 570 2239 signum,
602 2198 699 2224 eam
719 2182 1002 2224 scribendam
1024 2197 1130 2236 esse,
1158 2186 1203 2224 et
1224 2196 1275 2224 eo
1297 2186 1404 2225 tono
1425 2186 1469 2223 et
1488 2197 1614 2224 mora
1634 2182 1967 2240 propositionis,

272 2256 537 2312 praesertim
565 2255 614 2296 in
635 2254 835 2296 obscuris
856 2258 899 2295 et
918 2253 1116 2307 lubricis,
1148 2257 1199 2295 vt
1217 2253 1440 2310 paulatim
1462 2256 1719 2296 assuescant
1740 2253 1968 2296 auditores

275 2327 408 2368 modo
440 2325 741 2382 praeceptoris
773 2329 817 2366 et
849 2324 1025 2366 discant
1059 2324 1337 2379 distinguere
1368 2323 1605 2366 scribenda
1636 2339 1662 2366 a
1695 2326 1702 2380 j
1737 2338 1830 2366 non
1861 2324 1967 2366 scri-

273 2397 446 2438 bendis.
510 2397 631 2438 Dum
651 2410 758 2438 vero
791 2410 842 2437 ea
872 2395 1120 2452 propositio
1153 2395 1381 2449 scribitur,
1414 2399 1675 2452 praeceptor
1706 2395 1891 2437 interim
1922 2410 1967 2437 se

271 2468 473 2510 detineat
502 2468 575 2509 vel
606 2466 873 2523 explicando
894 2481 993 2508 eam
1023 2466 1230 2523 pluribus
1262 2465 1582 2508 clarioribusue
1612 2466 1862 2523 phrasibus,
1893 2466 1967 2510 vel

271 2539 496 2581 afferendo
529 2539 783 2594 exemplum
815 2553 891 2580 seu
924 2536 1283 2590 similitudinem,
1315 2537 1388 2579 vel
1416 2538 1732 2594 exaggerando
1753 2552 1860 2592 rem,
1894 2537 1967 2580 vel

272 2610 459 2651 eandem
500 2609 868 2665 consequentiam
906 2608 995 2650 alio
1029 2608 1184 2650 ordine
1215 2608 1422 2662 texendo,
1458 2613 1512 2650 vt
1542 2608 1705 2650 clarior
1736 2612 1963 2665 appareat,

270 2681 343 2721 vel
364 2680 668 2721 subnectendo
689 2679 990 2721 ratiunculam
1020 2693 1112 2720 non
1145 2678 1441 2720 necessariam
1473 2678 1794 2733 scribentibus;
1826 2680 1964 2721 immo

271 2752 308 2793 si
356 2751 442 2792 fert
488 2751 709 2807 professor
755 2766 835 2792 sua
880 2751 1047 2806 scripta
1083 2750 1131 2791 in
1164 2749 1387 2803 Scholam,
1432 2756 1582 2806 posset
1617 2750 1667 2793 in
1706 2750 1769 2791 eis
1799 2749 1964 2792 habere

272 2822 461 2863 selectas
503 2821 719 2876 quasdam
761 2821 942 2877 phrases
984 2821 1221 2874 breuiores,
1268 2820 1376 2862 licet
1405 2835 1498 2862 non
1530 2821 1751 2875 obscuras,
1800 2820 1964 2876 quibus

270 2892 619 2949 comprehendat
660 2891 813 2946 paucis
854 2891 1108 2932 scribendas
1139 2891 1484 2947 propositiones:
1531 2891 1812 2947 longioribus
1843 2891 1962 2934 enim

269 2978 361 3006 non
398 2967 597 3016 vtentur,
646 2962 734 3003 nisi
770 2962 818 3002 in
856 2962 1164 3018 explicatione.
1234 2961 1358 3003 Haec
1397 2963 1513 3005 ratio
1552 2964 1589 3006 si
1628 2963 1820 3017 ineatur,
1867 2961 1960 3004 fere

270 3049 424 3076 omnes
453 3033 650 3075 scribent
670 3034 934 3086 necessaria,
968 3037 1012 3073 et
1033 3032 1070 3073 si
1093 3047 1182 3088 qua
1202 3032 1351 3074 minus
1372 3039 1501 3088 recte,
1534 3034 1579 3076 id
1602 3032 1961 3076 animaduertent

270 3106 318 3146 in
340 3104 620 3161 repetitione,
644 3103 681 3144 si
703 3103 848 3145 velint
870 3103 1111 3158 attendere,
1135 3108 1179 3145 et
1201 3104 1279 3159 qui
1301 3119 1353 3146 ea
1372 3104 1540 3161 scripta
1559 3104 1730 3160 legerit,
1752 3102 1959 3146 laudabit
