2153 3467
168 684 293 708 Gradus.

332 197 419 240 414
531 206 639 242 Ratio
669 207 876 243 studiorum
905 211 944 243 et
969 207 1224 244 institutiones
1251 208 1491 244 scholasticae
1517 208 1715 244 Societatis
1741 210 1830 246 Jesu
1857 211 1894 245 ΙΙ

1088 471 1303 534 Regulae

785 552 1145 616 Professoris
1190 551 1623 615 Humanitatis

473 681 513 728 l.
577 682 753 725 Gradus
787 681 920 737 hujus
953 680 1126 723 scholae
1159 685 1244 733 est,
1284 685 1523 738 postquam
1564 696 1617 723 ex
1650 681 1957 737 grammaticis
1991 696 2064 723 ex-

333 754 557 808 cesserint,
588 767 856 810 praeparare
888 752 1034 794 veluti
1066 752 1211 793 solum
1243 752 1540 807 eloquentiae,
1575 752 1695 808 quod
1728 751 1972 808 tripliciter
1993 766 2064 793 ac-

333 824 461 867 cidit:
493 824 750 879 cognitione
782 823 980 879 linguae,
1013 823 1166 878 aliqua
1196 823 1446 865 eruditione
1484 828 1528 865 <t
1568 823 1694 865 brevi
1734 822 2065 879 informatione,

332 901 670 952 praeceptorum
694 894 751 936 ad
772 894 1066 936 Rhetoricam
1089 893 1404 950 spectantium.
1442 894 1515 935 Ad
1538 894 1856 949 cognitionem
1879 893 2066 949 linguae

333 980 445 1021 quae
477 965 525 1006 in
556 966 832 1022 proprietate
865 964 1058 1007 maxime
1091 969 1134 1006 et
1157 964 1285 1021 copia
1308 964 1527 1019 consistit,
1561 965 1608 1006 in
1639 964 1919 1020 quotidianis
1940 979 2066 1021 prae-

333 1036 606 1077 lectionibus
639 1036 891 1092 explicetur
923 1050 977 1078 ex
1011 1035 1265 1078 oratoribus
1295 1050 1412 1078 unus

334 1107 486 1149 Cicero
517 1107 573 1149 iis
604 1106 698 1148 fere
738 1107 888 1162 libris,
931 1106 1008 1163 qui
1039 1106 1203 1164 philo-l
1223 1106 1397 1161 Cicero,

333 1178 537 1234 sophiam
569 1177 623 1219 de
654 1178 860 1220 moribus
892 1177 1146 1231 continent3

334 1264 387 1290 ex
405 1248 629 1290 historicis
647 1249 820 1304 Caesar,
855 1248 1112 1303 Sallustius,
1146 1248 1320 1304 Livius,
1356 1249 1550 1303 Curtius,
1584 1253 1627 1290 et
1659 1248 1694 1290 si
1719 1248 1795 1304 qui
1819 1253 1925 1291 sunt
1945 1248 2068 1289 simi-

335 1320 414 1374 les:
450 1335 504 1361 ex
536 1320 680 1377 poetis
713 1320 950 1377 praecipue
981 1319 1219 1376 Virgilius,

334 1391 585 1447 aliquibusl
646 1391 841 1448 exceptis
902 1385 1070 1448 eologis
1137 1395 1403 1453 etlexcepto
1435 1395 1594 1447 quarto
1628 1390 1869 1445 Aeneidos,

333 1467 493 1519 quarto
526 1462 775 1517 Aeneidos,
1199 1457 1203 1527 l

333 1539 564 1591 praeterea
594 1534 704 1576 odae
734 1534 918 1576 Horatii
950 1535 1149 1588 selectae,
1181 1534 1292 1575 item
1325 1533 1508 1589 elegiae,
1542 1533 1873 1590 epigrammata
1904 1540 1949 1574 et
1981 1533 2072 1575 alia

333 1610 541 1661 poemata
573 1605 820 1647 illustrium
852 1609 1101 1662 poetarum,
1133 1605 1266 1647 modo
1299 1604 1390 1646 sint
1422 1605 1478 1646 ab
1511 1604 1634 1646 omni
1654 1604 1894 1646 verborum
1928 1605 2072 1658 <1332

333 1691 415 1718 ont.
452 1678 761 1733 ῃυιννῦογιιηψ)
795 1677 1103 1719 obscoenitate
1134 1676 1388 1733 expurgati.

1198 1751 1200 1770 ¹
1358 1749 1506 1789 1832:
1548 1746 1718 1789 Eadem
1758 1746 1933 1789 ratione
1973 1761 2070 1788 ora-

1197 1772 1347 1873 ltores,
1369 1818 1570 1860 historici
1585 1822 1629 1860 et
1645 1822 1804 1875 poetae
1834 1818 2069 1861 vernaculi

1197 1855 1201 1959 l
1219 1889 1532 1932 adhibeantur.

334 1960 544 2004 Eruditio
574 1962 746 2004 modice
778 1966 1038 2019 usurpetur,
1078 1965 1129 2002 ut
1166 1961 1400 2017 ingenium
1440 1961 1608 2003 excitet
1645 1960 1873 2003 interdum
1916 1975 1967 2003 ac
1999 1975 2071 2003 re-

335 2038 466 2086 creet,
499 2047 591 2075 non
624 2038 676 2075 ut
706 2033 892 2088 linguae
926 2032 1286 2075 observationem
1319 2032 1549 2089 impediat.

445 2105 795 2162 Praeceptorum
807 2103 1078 2147 Rhetoricae
1090 2103 1186 2145 bre·
1361 2105 1606 2160 Praecepta
1638 2102 1865 2159 generalia
1896 2103 1951 2145 de
1985 2103 2073 2145 elo-

334 2176 404 2219 vis
437 2190 612 2218 summa
639 2190 693 2217 ex
714 2176 957 2232 Cypriane,
990 2175 1184 2217 secundo
1204 2164 1403 2223 lcutione
1435 2180 1479 2217 et
1512 2176 1655 2231 stylo,
1696 2178 1741 2215 et
1773 2174 1987 2231 specialia
2019 2174 2073 2216 de

336 2247 505 2289 scilicet
555 2247 774 2301 semestri,
824 2246 1044 2300 tradetur3
1095 2261 1182 2302 quo
1223 2246 1504 2289 brevioribus
1552 2246 1850 2302 scriptionum
1899 2245 2073 2301 generi-

335 2323 552 2375 tempore,
594 2318 755 2360 omissa
793 2317 1080 2374 philosophia
1112 2317 1184 2359 Ci-
1221 2319 1321 2372 bus,
1370 2322 1421 2360 ut
1479 2317 1712 2373 epistolae,
1774 2316 2074 2370 narrationes,

337 2389 521 2443 ceronis,
542 2389 767 2432 faciliores
790 2389 965 2445 aliquae
982 2387 1182 2444 ejusdem
1219 2388 1560 2445 descriptiones,
1596 2393 1694 2430 tum
1726 2387 1775 2429 in
1807 2402 1939 2431 versu
1973 2392 2072 2429 tum

338 2460 580 2515 orationes,
628 2470 679 2502 ut
714 2474 795 2517 pro
842 2461 941 2516 lege
979 2460 1181 2513 Manilia,
1218 2461 1267 2502 in
1284 2474 1427 2517 prosa,
1459 2458 1706 2501 tradentur.
1755 2459 1953 2502 Graecae
1985 2458 2074 2500 lin-

337 2545 418 2587 pro
451 2532 642 2586 Archia,
679 2546 760 2589 pro
792 2531 1009 2574 Marcello
1042 2535 1183 2573 caete-
1221 2546 1339 2588 guae
1370 2545 1473 2588 pars
1505 2530 1585 2572 illa
1615 2530 1819 2587 pertinet
1858 2529 1915 2571 ad
1956 2529 2074 2572 hanc

335 2618 496 2659 raeque
523 2603 580 2645 ad
600 2604 832 2646 Caesarem
856 2603 1035 2645 habitae
1067 2602 1184 2644 sumi
1222 2603 1435 2656 scholam,
1469 2617 1583 2657 quae
1604 2606 1745 2643 artem
1764 2600 1997 2642 metricam
2028 2604 2074 2641 et

336 2680 561 2732 poterunt.
626 2676 821 2717 Graecae
859 2675 1044 2730 linguae
1082 2688 1184 2731 pars
1222 2674 1430 2717 notiones
1492 2671 1713 2728 quasdam
1764 2672 1818 2713 de
1871 2670 2076 2713 dialectis

337 2746 417 2787 illa
461 2746 659 2803 pertinet
699 2746 754 2787 ad
802 2746 918 2788 hanc
970 2744 1549 2802 scholani,{complectitur.
1621 2743 1884 2785 Curandum
1949 2756 2076 2798 prae-

337 2832 450 2873 quae
471 2817 674 2873 syntaxis
704 2817 881 2874 proprie
903 2817 1084 2871 dicitur,
1110 2831 1185 2858 cu·
1223 2822 1357 2869 terea,
1400 2820 1452 2858 ut
1491 2816 1602 2857 bene
1640 2814 1878 2870 scriptores
1909 2812 2075 2854 intelli-

337 2888 528 2930 randum
559 2892 806 2944 praeterea,
833 2893 885 2929 ut
907 2888 1188 2929 mediocriter
1224 2892 1337 2944 gant
1378 2891 1422 2928 et
1460 2886 1652 2928 scribere
1701 2884 1873 2939 aliquid
1917 2898 2075 2938 graece

337 2960 575 3016 scriptores
613 2958 875 3013 intelligant
915 2964 959 3000 et
999 2957 1188 2999 scribere
1226 2958 1395 3000 norint.

339 3030 511 3087 aliquid
542 3044 700 3086 graece
731 3029 898 3071 norint.

486 3114 494 3133 ¹
521 3124 573 3159 pr.
600 3123 667 3148 om.
696 3112 934 3156 ‚‚aliquibus“.
