2089 3381
545 160 629 196 Rat.
657 160 751 197 stud.
768 161 869 196 1586.
919 160 1049 196 Modus
1076 159 1327 205 praelegendi.
1723 152 1775 194 81

347 422 425 485 De
471 422 720 485 Ratione
765 421 850 485 Ae
893 420 1065 485 Modo
1111 421 1519 502 Praelegendi.

810 578 926 643 Cap.
955 578 1052 627 ΙΙΙ.1

223 686 261 726 1.
295 683 597 739 Frequentem
630 682 674 724 S.
695 681 893 724 'rhomae
930 682 1169 724 lectionem
1202 683 1505 726 Auditoribus
1544 685 1637 727 suis
1670 688 1779 729 Pro-

78 753 263 796 fessores
281 753 607 807 commendent,
631 757 675 794 et
692 753 781 810 ipsi
797 757 1009 809 praeeant
1025 755 1249 811 exemplo;
1278 769 1359 797 nec
1375 755 1423 797 in
1441 757 1781 799 accumulandis

78 825 415 880 quaestionibus
447 825 538 866 suis
570 824 636 866 ita
667 825 760 866 sint
794 824 981 881 profusi,
1022 833 1072 867 vt
1105 826 1149 868 S.
1172 826 1371 868 Thomae
1403 828 1668 884 exponendo
1700 829 1779 871 vix

77 896 202 938 locus
242 895 405 952 aliquis
443 895 642 951 reliquus
682 895 776 938 fiat.
841 895 1158 938 Dubitandum
1192 902 1259 938 est
1292 897 1426 951 enim,
1472 913 1527 939 ne
1558 899 1779 954 paulatim

79 966 260 1009 excidat
290 966 424 1009 nobis
455 981 478 1008 e
509 966 719 1009 manibus
751 967 795 1009 S.
818 967 1028 1020 Thomas,
1071 969 1198 1008 cuius
1230 967 1483 1010 doctrinam
1515 970 1634 1011 tanti
1666 969 1779 1012 facit

76 1037 292 1092 Ecclesia,
323 1052 545 1093 quemque
577 1041 755 1080 nostrae
789 1038 1148 1081 Constitutiones
1179 1039 1422 1094 legendum
1454 1041 1779 1097 praescribunt,

77 1123 180 1151 cum
202 1109 246 1152 S.
269 1108 464 1151 Thomas
494 1109 632 1166 probe
653 1108 916 1151 intellectus
937 1109 1150 1166 praebeat
1172 1109 1470 1152 fundamenta
1501 1111 1557 1153 ad
1589 1113 1780 1156 tuendas

77 1194 231 1222 omnes
253 1179 511 1222 Catholicas
531 1179 767 1222 veritates:
801 1195 938 1236 quare
970 1181 1102 1237 parui
1134 1180 1365 1223 faciendae
1395 1197 1487 1224 non
1520 1186 1626 1225 sunt
1655 1184 1780 1227 illius

77 1249 391 1293 distinctiones
430 1255 475 1293 et
506 1250 723 1293 rationes:
764 1251 841 1293 sed
873 1250 1167 1308 explicandae
1200 1257 1245 1294 et
1278 1253 1463 1295 aliunde
1492 1255 1778 1311 muniendae,

77 1335 180 1363 cum
212 1320 312 1377 alijs
343 1321 393 1364 in
424 1321 533 1364 locis
564 1336 610 1363 se
641 1322 789 1379 ipsum
823 1322 1029 1379 explicet.
1093 1322 1254 1379 Itaque
1285 1322 1510 1380 principio
1544 1329 1778 1383 tamquam

75 1391 361 1435 fundamenti
391 1393 490 1435 loco
525 1393 570 1436 S.
589 1392 788 1435 Thomae
810 1393 1043 1436 Articulus
1074 1393 1441 1451 interpretandus
1473 1400 1540 1438 est
1571 1396 1655 1439 hoc
1686 1397 1777 1439 fere

76 1464 224 1507 modo.
287 1463 468 1506 Titulus
500 1464 682 1507 articuli
714 1465 913 1522 primum
945 1465 1237 1507 continuetur
1270 1470 1405 1522 atque
1438 1467 1699 1524 explicetur,
1739 1469 1777 1511 si

77 1535 187 1592 quid
217 1535 353 1578 habet
373 1535 571 1578 obscuri:
604 1540 702 1578 tum
735 1536 980 1591 distinctio,
1015 1536 1052 1578 si
1084 1551 1173 1592 qua
1204 1541 1283 1591 est,
1317 1552 1371 1579 ex
1403 1538 1529 1580 cuius
1561 1540 1776 1582 membris

75 1606 382 1649 conclusiones
430 1607 473 1649 S.
507 1606 705 1649 Thomae
759 1607 974 1664 pendent:
1030 1623 1134 1649 mox
1190 1609 1417 1651 conclusio
1465 1610 1682 1666 primaria
1730 1612 1774 1654 S.

76 1677 297 1719 Thomae:
339 1676 502 1719 dehinc
534 1677 648 1720 aliae
680 1682 732 1720 ut
764 1679 1030 1735 appendices
1062 1684 1303 1736 ponantur,
1343 1695 1532 1736 quarum
1565 1682 1774 1738 singulis,

72 1748 162 1790 nisi
178 1748 438 1805 perspicuae
456 1749 562 1803 sint,
585 1753 858 1792 annectatur
874 1749 1026 1805 aliqua
1042 1750 1159 1792 ratio
1179 1750 1222 1792 S.
1241 1750 1456 1793 Thomae:
1478 1758 1776 1796 veruntamen

73 1834 166 1862 non
211 1819 301 1861 nisi
346 1819 492 1862 nudas
539 1820 849 1862 conclusiones
895 1821 1097 1863 scribant
1144 1821 1371 1864 auditores
1415 1824 1774 1867 continuationis

72 1890 235 1947 gratia,
281 1891 356 1934 vel
402 1891 541 1934 etiam
587 1892 712 1934 aliud
759 1892 881 1948 quid,
929 1892 967 1934 si
1007 1893 1246 1936 obscurum
1278 1894 1355 1936 sit:
1407 1895 1444 1936 si
1485 1895 1594 1950 quid
1635 1897 1773 1938 etiam

71 1960 263 2004 indicari
291 1962 297 2017 Ι
325 1977 378 2004 ex
405 1961 522 2004 libro
550 1977 708 2019 operae
727 1963 922 2019 pretium
942 1963 1017 2019 sit,
1051 1964 1158 2020 quia
1181 1965 1338 2021 nequit
1362 1966 1458 2008 erui
1479 1981 1503 2008 a
1525 1966 1770 2025 discipulis,

71 2032 120 2075 id
151 2032 388 2075 indicetur.
442 2033 620 2076 Dehinc
652 2034 789 2076 dubia
820 2033 1039 2078 litteralia
1070 2035 1387 2092 edisserantur,
1421 2042 1519 2080 tum
1554 2040 1772 2096 quaestio,

71 2103 109 2146 si
140 2119 229 2160 qua
261 2104 486 2146 mouenda
518 2104 589 2146 sit.

214 2179 253 2220 2.
285 2175 341 2217 In
361 2175 701 2231 quaestionibus
733 2177 1065 2233 pertractandis
1095 2192 1188 2220 non
1221 2179 1506 2222 adducantur
1538 2181 1773 2238 opiniones

71 2245 311 2300 obsoletae,
345 2246 578 2301 absurdae,
612 2246 808 2302 inutiles,
840 2248 1070 2305 perspicue
1102 2248 1255 2291 falsae.
1312 2250 1633 2294 Conclusiones
1663 2268 1772 2296 vero

70 2330 162 2358 non
216 2317 478 2374 probentur,
532 2317 621 2359 nisi
675 2318 925 2376 praecipuis
978 2319 1250 2375 quibusdam
1297 2323 1589 2377 argumentis.
1668 2326 1773 2368 Non

71 2392 391 2430 coaceruentur
429 2388 717 2444 obiectioneS,
757 2389 846 2431 nisi
882 2390 1163 2447 potissimae:
1205 2407 1289 2434 nec
1320 2393 1454 2435 Vnius
1486 2395 1773 2438 cumulentur

70 2457 240 2501 frustra
263 2459 521 2502 solutiones.
574 2460 834 2516 Aliquando
855 2462 993 2503 etiam
1024 2477 1079 2504 ex
1111 2462 1246 2505 iactis
1277 2463 1589 2508 fundamentis
1620 2471 1772 2523 patere

70 2528 203 2571 facile
242 2534 391 2587 potest
430 2530 614 2585 soluti03
664 2546 801 2587 quare
833 2533 1018 2574 seorsim
1050 2534 1293 2576 soluendae
1324 2550 1417 2577 non
1449 2542 1574 2579 sunt:
1624 2539 1701 2580 sed
1734 2539 1772 2581 si

71 2615 125 2642 ex
141 2599 449 2643 fundamentis
459 2602 575 2644 solui
588 2607 830 2658 nequeunt,
840 2603 1079 2646 soluendae
1098 2610 1216 2660 sunt,
1237 2611 1317 2648 aut
1330 2622 1422 2648 non
1438 2610 1771 2665 proponendae.

73 2671 278 2727 Denique
329 2672 457 2729 nimij
516 2688 609 2715 non
654 2674 746 2715 sint
790 2674 1069 2717 Professores
1116 2676 1165 2717 in
1210 2677 1319 2733 ipsis
1366 2682 1577 2721 autorum
1622 2680 1771 2722 verbis

71 2742 331 2797 recitandis,
365 2757 466 2785 cum
488 2744 714 2786 sententia
746 2746 854 2786 satis
887 2745 959 2800 sit,
998 2746 1087 2788 nisi
1120 2747 1245 2789 aliud
1276 2763 1345 2790 res
1377 2750 1596 2805 postulet:
1632 2751 1770 2793 satius

71 2827 177 2855 vero
217 2828 308 2855 esse
347 2814 532 2856 credant
569 2830 713 2872 pauca
745 2816 994 2858 Doctorum
1034 2817 1297 2860 testimonia
1327 2820 1526 2876 proferre
1559 2822 1769 2876 fideliter,

73 2898 208 2938 quam
238 2885 398 2939 multa,
431 2900 621 2940 quorum
652 2886 771 2943 ipsos
803 2886 952 2929 fontes
984 2892 1157 2930 attente
1189 2904 1282 2931 non
1314 2891 1664 2947 explorauerint.

219 3002 230 3022 ¹
255 3003 324 3038 Die
362 3003 532 3047 folgende
568 3004 822 3040 meisterhafte
848 3005 1095 3051 Abhandlung
1131 3008 1274 3043 mochte
1305 3008 1398 3043 auch
1430 3009 1539 3044 heute
1574 3010 1664 3044 noch
1691 3009 1768 3044 ein-

74 3060 236 3103 gehenae
262 3062 603 3098 Aufmerksamkeit
626 3063 834 3098 vei-dienen.

181 3143 367 3170 Monumeuta
386 3145 557 3171 Germaniae
576 3146 774 3179 Paedagogica
796 3147 819 3171 V
1466 3139 1486 3171 6

1800 467 1827 489 p.

1849 457 1893 482 94.
