2148 3402
647 177 691 211 R.
712 180 757 211 st.
781 177 882 211 1586.
935 175 1225 210 controversiae.
1708 168 1791 208 117

96 296 245 337 Nono
277 295 403 336 nulla
434 294 514 336 fiat
545 294 761 349 digressio
793 294 841 334 in
864 293 1163 335 Scholasticas
1194 293 1477 348 quaestiones
1509 294 1582 335 vel
1616 294 1792 336 dubita-

94 366 259 408 tiones:
294 365 368 407 sed
393 365 447 420 ijs
467 365 789 421 praetermissis
811 380 863 406 ea
885 368 1077 419 tantum,
1100 380 1213 420 quae
1236 368 1342 406 sunt
1363 364 1463 405 fidei
1489 380 1565 405 scu
1587 366 1791 420 proxima

90 437 211 491 fidei,
257 437 646 478 constabiliantur.
709 437 813 478 Non
845 436 965 477 enim
998 440 1064 477 est
1095 435 1228 477 huius
1260 435 1359 489 loci,
1408 434 1624 490 quicquid
1666 437 1710 478 in
1744 453 1789 478 re

89 508 318 565 proposita
335 508 619 550 difficultatis
637 513 716 561 est,
740 507 957 563 persequi,
981 507 1057 549 sed
1079 522 1177 548 eam
1200 510 1379 547 tantum
1400 510 1586 562 partem,
1621 510 1673 547 de
1702 523 1791 562 qua

91 580 306 621 conuenit
328 579 447 620 inter
470 578 738 632 Catholicos,
772 582 816 619 et
848 593 947 619 cum
982 578 1219 619 haereticis
1250 578 1395 618 solum
1423 577 1788 620 controuertitur.

233 654 274 693 6.
308 650 521 691 Habeant
552 650 891 692 Vltramontani
922 649 967 690 in
1001 650 1092 691 suis
1126 649 1338 703 Collegiis
1378 649 1512 690 semel
1543 649 1592 690 in
1624 649 1790 691 hebdo-

89 721 224 762 mada
270 721 585 777 repetitionem
633 720 926 762 domesticam
975 721 1028 762 de
1061 720 1403 773 Controuersiis,
1454 719 1614 761 relicta
1652 720 1790 762 Scho-

88 792 264 845 lastica3
317 792 374 833 ad
407 792 536 834 cuius
568 792 718 845 finem,
765 791 802 832 si
850 807 963 846 quae
1010 792 1182 833 fuerint
1226 791 1547 844 dubitationes,
1594 791 1789 833 breuiter

86 863 369 919 explicentur
401 863 516 904 citra
548 863 734 917 longam
776 863 1144 919 disputationem,
1192 878 1305 918 quae
1341 867 1387 904 et
1426 862 1683 918 frequenter
1723 862 1788 904 di-

85 934 212 989 gredi
244 934 360 975 solet
393 934 441 975 in
474 949 543 975 res
576 934 880 976 Scholasticas
920 938 965 975 et
1005 934 1157 976 obesse
1195 938 1344 991 posset
1390 933 1456 989 ijs,
1505 935 1584 989 qui
1631 938 1788 975 contra

85 1005 220 1046 fidem
253 1005 483 1062 disputare
521 1009 876 1048 consuescerent.
942 1006 1204 1062 Optandum
1243 1020 1375 1062 porro
1415 1010 1494 1059 est,
1536 1009 1587 1046 vt
1627 1004 1786 1046 harum

84 1076 410 1132 repetitionum
444 1092 535 1118 non
568 1076 628 1117 sit
660 1076 926 1130 moderator,
968 1077 1046 1132 qui
1083 1077 1130 1118 in
1170 1077 1224 1132 ijs
1263 1092 1422 1133 parum
1461 1081 1664 1118 versatus
1705 1081 1785 1130 est,

83 1163 164 1188 nec
197 1147 452 1189 delectatur
483 1147 537 1203 ijs
570 1147 744 1202 studijs,
778 1147 853 1188 sed
875 1149 1011 1189 Pater
1034 1148 1197 1203 aliquis
1219 1148 1381 1190 harum
1401 1163 1550 1190 rerum
1581 1151 1626 1189 et
1649 1148 1785 1190 Scho-

83 1218 267 1260 lasticae
288 1218 400 1260 bene
432 1218 617 1275 peritus,
650 1218 788 1259 etiam
809 1218 846 1259 si
864 1219 1243 1261 Vltramontanus
1265 1219 1431 1274 aliquis
1453 1220 1509 1260 ad
1531 1219 1615 1261 1100
1636 1220 1784 1275 ipsum

82 1289 311 1332 vocandus
348 1293 461 1331 esset
500 1290 549 1330 in
590 1289 787 1332 Italiam.
861 1290 911 1331 Si
954 1290 1031 1345 qui
1061 1291 1215 1333 Nostri
1249 1290 1475 1332 auditores
1507 1290 1783 1346 Theologiae

82 1363 187 1401 sunt
218 1360 390 1401 Romae
421 1361 776 1415 Vltramontani,
827 1361 1077 1403 curandum
1122 1366 1201 1416 est,
1250 1366 1302 1404 vt
1338 1362 1546 1404 habitent
1583 1362 1631 1403 in
1671 1362 1782 1404 Ger-

82 1430 260 1472 manico
292 1431 365 1473 vel
397 1431 654 1487 Anglicano
688 1431 906 1487 Collegio,
940 1437 1161 1487 quantum
1192 1433 1288 1474 fieri
1319 1437 1481 1489 potest,
1515 1448 1570 1474 ne
1602 1438 1783 1475 careant

83 1501 152 1542 his
185 1501 599 1544 exercitationibus.

222 1576 259 1616 7.
293 1573 348 1614 In
380 1573 661 1628 Regionibus
683 1574 1043 1616 Vltramontanis
1075 1575 1123 1616 in
1146 1576 1365 1631 Collegio,
1399 1576 1520 1631 quod
1553 1577 1781 1632 quaelibet

78 1643 214 1684 habet
235 1644 478 1685 Prouincia
509 1659 588 1700 pro
611 1645 876 1687 Nostrorum
910 1646 1190 1703 Selminario,
1223 1647 1502 1689 Scholastica
1531 1648 1779 1703 Theologia

77 1714 326 1770 explicetur
358 1719 578 1768 accurate,
617 1720 661 1756 et
692 1716 876 1757 finiatur
909 1732 934 1758 a
967 1717 1142 1760 duobus
1174 1718 1510 1761 Professoribus
1542 1720 1780 1775 quadrien—1

78 1785 167 1838 nio,
216 1789 260 1827 et
291 1785 408 1827 nihil
440 1786 489 1828 in
522 1802 572 1827 ea
612 1786 666 1828 de
700 1787 1041 1844 Controuersijs,
1089 1790 1164 1830 sed
1204 1789 1258 1831 de
1297 1790 1353 1845 ijs
1395 1790 1530 1833 lectio
1572 1798 1780 1847 separata

77 1856 347 1898 instituatur
393 1858 683 1899 absoluendis
730 1858 867 1900 etiam
917 1860 1227 1914 quadriennio.
1290 1862 1386 1903 Has
1425 1866 1514 1903 tres
1564 1862 1778 1905 lectiones

76 1942 178 1969 cum
211 1933 373 1983 quarta
406 1929 664 1985 Scripturae
696 1930 884 1972 audiant
915 1946 994 1986 per
1026 1936 1243 1986 quattuor
1275 1948 1430 1987 annOS,
1472 1949 1575 1975 cum
1607 1936 1778 1990 experti

76 1999 180 2053 sint,
229 2015 274 2041 se
319 2000 367 2041 id
412 2015 539 2056 posse
571 2001 667 2042 sine
710 2002 995 2044 incommodo
1027 2003 1314 2045 valetudinis
1380 2005 1469 2047 Vbi
1501 2020 1609 2047 vero
1640 2006 1776 2048 lectio

77 2070 500 2112 Controuersiarum
536 2071 765 2113 introduci
806 2088 899 2115 non
945 2077 1105 2129 potest,
1156 2075 1229 2116 vel
1269 2091 1360 2117 non
1401 2080 1496 2117 tam
1536 2077 1638 2131 cito,
1687 2078 1775 2119 duo

77 2141 345 2183 Scholastici
380 2143 608 2198 explicent
640 2144 993 2198 ControuersiaS,
1033 2146 1111 2187 vbi
1144 2152 1384 2188 occurrunt
1427 2149 1671 2190 secundum
1711 2164 1778 2191 or-

76 2212 225 2254 dinem
258 2213 302 2255 S.
335 2213 549 2268 Thomae,
601 2220 645 2256 et
687 2215 735 2256 in
773 2215 827 2271 ijs
870 2216 974 2269 (nisi
1006 2217 1084 2258 Vbi
1116 2219 1263 2274 magis
1295 2219 1476 2275 expedit
1516 2219 1696 2262 haerere
1727 2221 1775 2262 in

77 2283 387 2338 Scholasticis,
435 2289 487 2326 ut
525 2286 573 2326 in
607 2286 760 2328 Gallia
797 2291 981 2342 propter
1019 2288 1336 2342 Sorbonenses')
1380 2291 1482 2346 plus
1527 2296 1774 2346 morentur,

76 2369 211 2410 quam
246 2355 295 2397 in
326 2356 659 2399 subtilitatibus
690 2357 995 2412 Scholasticis,
1046 2360 1093 2400 in
1140 2360 1303 2415 quibus
1351 2363 1553 2403 contenti
1586 2364 1677 2404 sint
1728 2365 1772 2407 S.

76 2424 274 2467 Thomae
306 2426 684 2481 conclusionibus,
718 2443 810 2469 non
843 2429 998 2471 multis
1030 2430 1130 2485 alijs
1161 2432 1360 2486 adiectis,
1410 2449 1512 2475 cum
1543 2435 1698 2490 paucis
1731 2441 1775 2477 et

77 2496 208 2537 claris
240 2497 600 2552 probationibUS,
633 2498 680 2540 id
711 2500 831 2541 enim
855 2501 1243 2544 accommodatum
1266 2505 1356 2545 est¹
1388 2504 1457 2546 his
1482 2506 1771 2562 temporibus.

217 2571 255 2611 8.
290 2569 477 2623 Pragae,
509 2569 546 2610 si
566 2570 784 2625 praestari
805 2577 1048 2626 nequeunt,
1083 2589 1197 2628 quae
1218 2575 1267 2615 in
1287 2575 1513 2631 primarijs
1536 2577 1769 2633 Collegijs:

76 2641 240 2692 tamen,
264 2639 370 2694 quia
392 2639 529 2680 habet
545 2640 713 2682 Aulam
732 2642 1089 2697 Imperatoriam,
1112 2649 1156 2685 et
1177 2659 1368 2700 regnum
1390 2647 1667 2689 haereticum
1689 2653 1771 2703 est,

76 2712 120 2749 et
142 2709 274 2751 multi
293 2710 573 2752 conuictores
594 2715 638 2752 et
660 2713 846 2766 alumni,
879 2714 1039 2756 saltem
1070 2720 1172 2772 post
1209 2717 1437 2759 biennium
1460 2719 1772 2775 philosophiae

77 2778 202 2833 (haec
239 2781 359 2822 enim
398 2796 490 2822 non
528 2786 594 2823 est
632 2785 1042 2841 praetermittenda,
1089 2803 1191 2829 cum
1238 2789 1389 2844 aliquo
1429 2790 1562 2831 modo
1607 2791 1771 2832 excitet

77 2851 240 2906 tardos,
263 2851 488 2907 faciatque
508 2853 804 2910 promptiores
825 2860 979 2899 contra
1000 2857 1264 2912 haereticos)
1287 2860 1481 2902 addatur
1503 2861 1626 2903 aliud
1648 2862 1769 2903 bien-

77 2920 203 2962 nium
232 2937 313 2979 pro
346 2922 546 2977 Casibus,
588 2924 822 2981 Scriptura
853 2931 898 2968 et
930 2928 1258 2986 Controuersijs
1296 2931 1551 2986 redigendis
1591 2932 1640 2973 in
1671 2947 1768 2973 eam

222 3075 233 3094 ¹
259 3075 351 3111 Hier
378 3077 461 3111 ein
489 3077 575 3113 oder
599 3090 619 3113 z
635 3090 667 3113 w
682 3079 728 3114 ei
754 3080 904 3116 Worter
929 3082 1148 3119 ausradiert.

1808 1676 1837 1698 p.
1860 1667 1920 1692 156.
