2148 3402
215 184 258 222 R.
285 188 331 224 st.
360 186 462 221 1586.
512 183 754 229 Quaestiones
781 188 846 220 aut
876 182 1111 219 omittendae
1137 186 1202 218 aut
1226 193 1301 218 uno
1328 183 1406 218 loco
1432 183 1662 219 tractandae.
1738 174 1794 216 93

238 305 307 347 De
338 304 521 347 infinita
552 303 730 346 malitia
761 302 933 361 peccati
965 301 1179 344 adversus
1200 301 1348 344 Deum
1378 302 1657 344 commodius
1677 307 1796 345 trac·
1816 321 1850 344 A.
1872 320 1899 344 9.

97 381 224 420 tatur
252 376 302 418 in
333 376 558 433 principio
591 379 631 420 3.
663 375 826 417 Partis.

237 447 342 490 Non
373 450 604 501 tractetur,
638 461 752 502 quae
782 445 892 487 fides
923 444 1178 501 requiratur
1209 443 1267 486 ad
1299 443 1502 485 salutem.
1816 462 1850 494 Q.
1866 463 1910 487 τε.
1934 463 2007 488 A.2.

236 518 365 561 Nihil
387 518 565 561 dicatur
585 517 638 559 de
659 516 921 559 immediato
938 516 1025 558 Dei
1047 529 1266 558 concursu
1286 529 1389 557 cum
1411 514 1620 556 secundis
1636 515 1793 557 causis.
1816 533 1850 565 Q.
1874 534 1916 557 w.

235 590 401 634 Vtrum
417 590 539 632 Deus
555 588 752 644 aliquem
773 587 1033 630 necessariis
1056 586 1238 629 auxiliis
1265 585 1323 628 ad
1351 586 1541 628 salutem
1564 585 1793 640 destituat,
1819 606 1851 629 A.
1874 605 1898 628 ³.

94 676 188 704 non
227 665 449 704 tractetur
485 659 571 702 hoc
610 660 723 715 loco,
769 659 847 701 sed
884 658 934 700 in
972 659 1162 701 materia
1201 657 1255 699 de
1294 656 1710 714 praedestinatione
1750 662 1794 698 et

94 732 429 790 reprobatione.

235 802 534 846 Immaculata
567 802 811 858 Conceptio
855 801 908 844 B.
942 801 1112 844 Mariae
1158 814 1251 843 non
1298 804 1364 842 est
1402 799 1537 841 huius
1568 799 1671 853 loci,
1718 799 1794 842 sed
1816 818 1908 850 Q.81.
1933 821 2005 845 Ae.

93 877 133 920 3.
147 874 310 928 Partis,
332 873 413 915 ubi
429 873 580 928 etiam,
599 872 707 914 dum
724 872 778 915 de
796 873 995 915 eiusdem
1012 871 1367 915 sanctificatione
1387 871 1551 927 agitur,
1575 874 1794 913 tractetur

94 960 272 1002 quoque
303 945 357 987 de
388 943 562 998 fomite,
595 948 640 986 et
672 944 896 1000 quomodo
928 944 1110 1000 ligetur,
1144 946 1223 985 aut
1255 942 1456 987 tollatur.

241 1015 477 1066 Quomodo
498 1019 663 1058 natura
682 1015 808 1072 lapsa
831 1015 1009 1057 differat
1031 1030 1057 1057 a
1088 1013 1212 1072 puris
1243 1013 1540 1067 naturalibus,
1574 1018 1795 1056 tractetur
1816 1031 1849 1063 Q.
1872 1030 1915 1057 85.

91 1087 142 1130 in
172 1087 363 1130 materia
393 1087 448 1129 de
478 1088 640 1142 gratia.

235 1159 414 1212 Vtrum,
448 1157 632 1200 dimissa
665 1157 812 1214 culpa,
844 1162 1027 1199 maneat
1058 1160 1210 1199 reatus
1241 1171 1426 1214 poenae,
1457 1160 1711 1198 reseruetur
1742 1156 1791 1198 in
1813 1174 1905 1206 Q.87.
1928 1176 2003 1201 A.6.

92 1229 328 1273 materiam
359 1230 414 1271 de
445 1228 747 1271 Poenitentia.

234 1300 469 1351 Quomodo
501 1300 622 1342 Deus
653 1303 839 1357 peccata
867 1302 1048 1356 patrum
1080 1298 1243 1355 puniat
1274 1298 1324 1340 in
1354 1297 1475 1353 filiis,
1507 1297 1791 1354 relinquatur
1811 1318 1846 1342 A.
1868 1320 1895 1344 s.

90 1371 333 1429 Interpreti
365 1372 638 1428 Scripturae.

231 1442 470 1500 Expositio
502 1441 638 1484 Pauli
667 1440 951 1497 relinquatur
982 1439 1144 1483 lectori
1175 1439 1449 1496 Scripturae.
1812 1461 1903 1493 ως,
1926 1464 1999 1486 Aee.

232 1514 300 1557 De
316 1513 475 1572 primis
491 1512 689 1555 motibus
711 1511 1016 1554 sensualitatis
1038 1512 1086 1553 in
1107 1510 1367 1553 infidelibus
1389 1510 1497 1552 satis
1519 1525 1611 1552 esse
1633 1511 1789 1554 viden·
1810 1532 1844 1555 A.
1866 1533 1891 1556 5.

89 1589 178 1640 tur,
211 1600 324 1641 quae
360 1584 563 1642 superius
595 1584 649 1626 de
678 1583 837 1641 primis
867 1583 1067 1625 motibus
1099 1582 1222 1624 dicta
1252 1586 1373 1624 sunt.
1434 1582 1600 1624 Vtrum
1636 1587 1787 1626 autem

90 1656 242 1698 omnia
282 1670 415 1713 opera
454 1654 708 1698 infidelium
747 1655 839 1696 sint
876 1657 1061 1711 peccata
1092 1652 1316 1707 mortalia,
1349 1652 1583 1695 differatur
1613 1653 1662 1696 in
1695 1669 1788 1697 ma-

87 1726 248 1770 teriam
279 1726 333 1769 de
363 1727 524 1783 gratia.

229 1798 333 1841 Non
353 1797 608 1855 disputetur
638 1797 725 1852 hic,
757 1801 911 1840 Vtrum
941 1799 1140 1854 peccent,
1173 1795 1252 1852 qui
1281 1810 1452 1852 poenae
1485 1801 1610 1838 metu
1641 1797 1786 1854 legem
1808 1817 1842 1849 Q.
1865 1818 1909 1842 ιη.

89 1873 290 1912 seruant:
322 1884 406 1912 nec
435 1873 591 1912 vtrum
621 1869 743 1911 Deus
774 1871 960 1925 peccata
991 1867 1240 1925 permittat,
1273 1881 1331 1908 an
1363 1867 1488 1909 velit.

229 1940 492 1998 Disputatio
515 1939 570 1982 de
592 1939 836 1982 cessatione
866 1938 1085 1995 legalium
1117 1938 1353 1981 differatur
1382 1938 1431 1980 in
1461 1939 1698 1982 materiam
1730 1940 1784 1983 de
1807 1960 1841 1992 Q.
1865 1961 1926 1987 103.

86 2011 337 2068 Baptismo.

229 2082 349 2132 Quid
380 2082 559 2125 intersit
588 2082 706 2125 inter
736 2082 922 2125 modum
952 2081 1182 2140 praecepti
1212 2086 1258 2125 et
1273 2081 1369 2125 eius
1388 2082 1704 2139 substantiam,
1737 2088 1780 2126 et
1802 2104 1983 2136 Q.109.A.=1.
2002 2109 2105 2139 p.114.

86 2157 242 2196 vtrum
270 2154 430 2197 modus
462 2153 696 2196 charitatis
728 2154 787 2196 sit
817 2154 867 2196 in
897 2158 1150 2211 praecepto,
1183 2168 1276 2196 non
1307 2153 1554 2197 disseratur
1585 2155 1672 2210 hic,
1707 2157 1785 2198 sed

86 2223 134 2266 in
166 2225 353 2268 materia
386 2225 439 2267 de
471 2225 686 2280 Legibus.

228 2296 423 2339 Materia
453 2296 586 2339 huius
618 2295 802 2338 articuli
835 2295 1071 2338 differatur
1101 2295 1151 2337 in
1183 2295 1235 2346 Q.
1262 2299 1358 2340 114.
1393 2297 1445 2339 A.
1471 2301 1508 2341 7.
1805 2320 1838 2343 A.
1862 2319 1888 2343 5.

227 2367 331 2410 Non
363 2367 617 2424 disputetur
647 2366 721 2409 hic
753 2367 806 2409 de
838 2368 1015 2410 macula
1046 2368 1234 2424 peccati,
1266 2383 1348 2410 nec
1380 2369 1434 2410 de
1452 2374 1579 2411 reatu
1600 2385 1781 2427 poenae,
1805 2392 1838 2413 A.
1862 2390 1887 2413 τ.

86 2452 168 2481 nec
198 2438 252 2480 de
285 2439 570 2495 corruptione
602 2438 710 2480 boni
740 2439 974 2494 naturalis,
1013 2454 1096 2481 nec
1129 2439 1182 2481 de
1217 2440 1318 2482 aliis
1349 2440 1623 2495 huiusmodi,
1666 2457 1780 2497 quae

86 2507 136 2550 in
165 2509 356 2552 materia
388 2509 441 2551 de
471 2509 665 2566 peccatis
697 2510 921 2566 explicata
952 2515 1071 2552 sunt.

226 2578 302 2622 An
332 2579 481 2635 gratia
512 2585 651 2636 ponat
683 2580 856 2636 aliquid
885 2581 934 2623 in
966 2582 1130 2637 anima,
1163 2582 1236 2624 vel
1266 2582 1341 2625 hic
1372 2587 1603 2638 tractetur,
1636 2585 1710 2626 vel
1732 2585 1779 2626 in
1801 2604 1835 2636 Q.
1862 2605 1921 2628 ιω.

87 2649 138 2700 Q.
164 2654 261 2696 113.
295 2651 348 2693 de
378 2651 700 2694 iustificatione
732 2652 788 2694 A.
809 2656 848 2696 2.

227 2722 409 2765 Gratiae
429 2722 572 2778 gratis
593 2722 725 2765 datae
744 2738 985 2780 earumque
1007 2724 1246 2780 explicatio
1266 2725 1442 2782 plenior
1462 2726 1781 2783 relinquantur
1800 2747 1833 2779 ρ.
1847 2748 1906 2771 ιιι.
1929 2747 2034 2771 A.1.4.

85 2792 322 2850 interpreti
352 2793 622 2850 Scripturae.
1990 2788 2007 2797 ⁴

225 2865 391 2907 Vtrum
423 2865 544 2907 Deus
583 2864 782 2921 insignes
814 2866 988 2922 aliquos
1019 2872 1277 2924 peccatores
1308 2868 1566 2911 necessariis
1599 2869 1779 2912 auxiliis
1802 2889 1835 2912 A.
1857 2887 1882 2912 3.

85 2933 314 2989 destituat,
363 2949 455 2976 non
500 2934 574 2977 hic
620 2936 937 2992 explicandum
985 2944 1066 2993 est,
1114 2939 1192 2981 sed
1237 2939 1286 2980 in
1334 2941 1522 2981 materia
1564 2940 1618 2982 de
1651 2954 1778 2996 prae-

85 3004 398 3048 destinatione.

225 3077 265 3120 N
269 3076 353 3119 ihil
374 3076 448 3118 hic
468 3075 645 3119 dicatur
667 3078 721 3120 de
743 3079 1006 3123 causalitate
1023 3080 1413 3124 Sacramentorum
1434 3082 1551 3123 circa
1567 3081 1776 3138 gratiam.
1799 3100 1834 3133 Q.
1850 3102 1909 3128 112.
1932 3104 1969 3127 A.
1982 3105 2008 3129 1.
