2143 3462
249 2057 276 2079 p.
298 2047 361 2072 263.

363 184 447 228 178
535 191 645 228 Ratio
672 190 874 228 studiorum
901 195 939 228 et
963 189 1219 227 institutiones
1245 188 1490 226 scholasticae
1514 189 1710 226 Societatis
1736 189 1825 226 Jesu
1850 186 1888 226 Π

357 312 563 367 tametsi,
596 310 862 368 priusquam
895 324 1084 352 examen
1114 308 1364 362 inchoetur,
1395 307 1567 364 proprij
1600 308 1912 366 Praeceptoris
1941 305 2057 351 iudi-

358 384 480 426 cium
518 382 573 424 de
604 382 797 437 singulis
835 386 951 423 esset
987 380 1287 434 audiendum,
1345 378 1423 435 qui
1470 378 1619 420 tradet
1655 379 2057 421 Examinatoribus

361 469 544 497 suorum
577 454 835 496 auditorum
867 452 1146 507 catalogum,
1186 454 1230 491 et
1273 449 1459 492 cuilibet
1489 449 1547 491 ad
1578 450 1832 505 marginem
1864 450 2060 492 ascribat

360 540 500 568 Vnam
540 524 595 567 de
639 524 787 566 tribus
818 522 1009 577 notulis,
1050 536 1241 577 quarum
1271 535 1363 564 vna
1401 520 1661 563 indicentur
1700 521 1879 578 optimi,
1919 521 2061 562 altera

359 596 502 653 inepti
553 599 597 637 et
636 595 820 638 omnino
860 592 1109 634 retinendi:
1150 597 1377 649 postrema
1420 590 1684 646 mediocres,
1725 594 1770 632 et
1807 591 1861 633 de
1895 591 2060 647 quibus

362 667 517 723 aliqua
547 671 698 723 posset
729 680 822 707 esse
854 662 1095 706 dubitatio.

506 741 546 783 5.
580 736 817 780 Examinis
855 735 972 776 ratio
1013 734 1124 777 haec
1164 734 1254 776 fere
1287 734 1359 778 sit.
1422 733 1569 775 Semel
1601 737 1646 775 et
1679 733 1842 775 iterum
1874 732 2063 790 periculi

362 809 561 852 faciendi
604 823 737 850 causa
778 813 1096 861 argumentum
1135 805 1416 861 propositum
1448 804 1498 846 in
1529 804 1681 846 schola
1714 805 1910 847 scribere
1940 804 2065 846 iube-

363 885 523 935 antur,
564 893 783 934 suumque
823 892 989 919 nomen
1027 876 1306 918 subscribere
1346 881 1391 918 et
1436 876 1612 918 tradere
1653 876 1914 930 Praefecto;
1965 881 2064 918 tum

364 957 485 995 certa
518 951 590 993 die
623 949 969 992 Examinatores
1001 947 1244 990 cuiuslibet
1274 948 1457 990 seorsim
1496 946 1868 1004 compositionem
1899 946 2066 988 exami-

365 1028 475 1066 nent
508 1021 833 1064 animaduersis
859 1034 951 1061 non
973 1019 1107 1061 modo
1131 1019 1400 1074 Syntaxeos,
1433 1018 1512 1060 sed
1543 1019 1681 1060 etiam
1714 1017 2066 1074 orthographiae

365 1094 516 1150 vitijs,
557 1097 621 1147 et,
662 1093 798 1133 unius
839 1091 1039 1132 themate
1077 1091 1293 1147 perlecto,
1338 1090 1376 1132 is
1419 1090 1573 1132 statim
1605 1094 1792 1133 vocetur
1834 1093 1879 1130 et
1911 1089 1965 1130 de
1997 1088 2066 1144 ijs,

365 1181 478 1221 quae
509 1179 613 1206 suae
646 1163 779 1205 classi
810 1161 991 1219 propria
1023 1166 1146 1216 sunt,
1192 1161 1523 1217 interrogetur,
1564 1175 1704 1217 eoque
1747 1160 1932 1202 dimisso
1964 1174 2068 1202 con-

366 1235 541 1290 festim,
581 1235 687 1276 dum
730 1233 954 1276 examinis
993 1248 1147 1275 recens
1185 1232 1333 1274 adhuc
1370 1232 1587 1274 memoria
1626 1236 1715 1287 est,
1755 1231 1976 1273 iudicium
2015 1231 2068 1272 de

367 1307 446 1348 illo
468 1307 651 1349 feratur.
706 1305 834 1347 Idem
854 1319 1031 1361 quoque
1053 1304 1151 1345 fieri
1172 1308 1323 1360 posset
1353 1304 1402 1345 in
1434 1303 1556 1345 binis
1588 1308 1667 1345 aut
1699 1303 1840 1344 ternis
1871 1302 2067 1344 seorsim.

368 1377 498 1428 Quod
520 1391 627 1420 vero
660 1380 771 1418 tunc
803 1375 857 1418 de
886 1375 1090 1431 quolibet
1112 1375 1418 1417 constitutum
1440 1374 1581 1416 fuerit
1600 1373 1807 1431 pluribus
1828 1373 2070 1429 suffragiis,

367 1464 460 1490 non
492 1452 693 1490 mutetur
723 1452 893 1503 postea,
925 1446 1013 1488 nisi
1046 1446 1252 1488 examine
1284 1446 1502 1501 grauibus
1535 1446 1588 1487 de
1620 1445 1765 1487 causis
1795 1446 1974 1489 iterato.

1068 2004 1148 2067 De
1189 2003 1387 2068 libris,

1092 2137 1207 2203 Cap.
1237 2137 1360 2188 VIII.

521 2233 594 2290 [1.]
627 2232 928 2276 Auditoribus
964 2232 1128 2275 nostris
1164 2246 1257 2273 non
1297 2231 1554 2287 quicunque
1586 2230 1692 2273 libri
1723 2234 1889 2273 temere
1921 2246 2076 2274 conce-

378 2306 558 2359 dantur,
604 2305 680 2347 sed
713 2304 742 2361 ij
778 2305 1020 2358 duntaxat,
1062 2318 1174 2359 quos
1204 2302 1392 2358 quisque
1423 2302 1552 2345 audit
1582 2302 1630 2344 in
1662 2302 1836 2357 schola,
1883 2303 1954 2345 vel
1998 2303 2074 2358 qui

381 2377 544 2432 exponi
577 2376 723 2418 solent
744 2391 796 2417 ac
826 2379 1016 2432 possunt
1046 2374 1096 2416 in
1127 2388 1208 2415 sua
1239 2374 1380 2415 classe
1406 2373 1534 2415 iuxta
1555 2373 1814 2429 catalogum
1835 2372 1957 2415 infra
1977 2388 2077 2431 pro-

380 2447 652 2503 ponendum.
707 2448 761 2488 In
783 2446 840 2502 ijs
860 2450 1011 2488 autem
1036 2444 1283 2487 multitudo
1305 2444 1505 2487 cauenda
1527 2448 1608 2499 est,
1642 2459 1756 2500 quae
1787 2449 1833 2486 et
1863 2444 2078 2502 opprimit

379 2519 564 2574 ingenia
595 2523 639 2560 et
670 2518 874 2574 impedit,
922 2532 978 2559 ne
1010 2516 1327 2573 quotidianum
1358 2530 1546 2572 pensum
1584 2516 1817 2558 commode
1845 2516 2075 2558 reddatur.

381 2590 452 2630 Ex
485 2589 782 2631 recentiorum
815 2603 921 2631 vero
953 2588 1082 2630 libris
1113 2592 1157 2629 et
1187 2587 1320 2644 pauci
1351 2591 1395 2628 et
1426 2601 1594 2643 magno
1627 2602 1729 2629 cum
1765 2587 1944 2630 delectu
1975 2602 2076 2644 per-

381 2660 593 2701 mittendi
625 2664 743 2701 sunt.

526 2734 566 2775 2.
600 2731 668 2772 Ne
700 2731 855 2773 Nostri
896 2730 1026 2786 copia
1063 2730 1305 2784 librorum,
1347 2728 1442 2770 sine
1481 2729 1646 2785 quibus
1682 2728 1852 2771 milites
1887 2729 2078 2771 inermes

386 2817 480 2844 esse
511 2801 738 2855 videntur,
772 2807 968 2856 careant,
1002 2801 1252 2858 optandum
1283 2805 1409 2855 esset,
1441 2804 1492 2843 vt
1523 2800 1686 2856 aliquis
1710 2800 1881 2843 reditus
1903 2815 2078 2843 annuus

385 2872 670 2930 ampliandae
702 2872 1003 2914 bibliothecae
1035 2871 1328 2926 attribuatur,
1371 2871 1450 2927 qui
1481 2871 1530 2914 in
1562 2872 1674 2914 alios
1703 2886 1810 2916 Vsus
1840 2886 1932 2914 non
1963 2876 2078 2913 esset

385 2943 729 2987 conuertendus.

527 3017 567 3059 3.
602 3013 894 3064 Quorundam
939 3013 1158 3055 librorum
1206 3013 1491 3070 expurgatio,
1536 3029 1670 3070 quam
1718 3013 1856 3056 etiam
1902 3012 2077 3056 Consti-

386 3086 583 3128 tutiones
602 3087 642 3128 4.
662 3085 787 3126 Part.
809 3085 914 3140 Cap.
937 3087 1004 3127 14.
1039 3087 1077 3139 ξ.
1095 3087 1134 3128 2.
1157 3084 1408 3139 insinuant,
1441 3099 1533 3127 non
1556 3085 1759 3128 modicae
1781 3085 1964 3128 videtur
1983 3085 2074 3129 vti·
2120 3129 2125 3136 ,
